Brand,Product Name,Product Unit,Product Price,Pricing Unit,Secondary Price,Before Price,Valid Date,Image URL,Page URL
SELECTION,Half-Salted Butter,454 g,"$6.49
 ea.",,$1.43 /100g,,,https://product-images.metro.ca/images/h18/h89/10239116541982.jpg,https://www.metro.ca/en/online-grocery/search
,Banana,,"$0.37
 avg. ea.",(190 g avg.),$1.96 /kg$0.89 /lb.,,,https://product-images.metro.ca/images/hec/h10/11860660486174.jpg,https://www.metro.ca/en/online-grocery/search
SELECTION,Salted Butter,454 g,"$6.49
 ea.",,$1.43 /100g,,,https://product-images.metro.ca/images/h0e/h74/10239120965662.jpg,https://www.metro.ca/en/online-grocery/search
LACTANTIA,"2% Milk, PurFiltre",2 L,"$5.29
 ea.",,$0.26 /100ml,,,,https://www.metro.ca/en/online-grocery/search
CHIPS AHOY!,"Mini Chocolate Chip Cookie Packs, Snak Paks",180 g,"$3.99
 ea.",,$2.22 /100g,,,,https://www.metro.ca/en/online-grocery/search
SELECTION,Mozzarella Cheese,400 g,"$3.97
 ea.",,$0.99 /100g,"Regular price
$6.49  ea.","Valid until Jan 10, 2024",https://product-images.metro.ca/images/h00/h13/9520125739038.jpg,https://www.metro.ca/en/online-grocery/search
BÙ,Italian White Wine,750 mL,"$17.29
 ea.",,$2.31 /100ml,,,https://product-images.metro.ca/images/hc0/hbc/10529617969182.jpg,https://www.metro.ca/en/online-grocery/search
KEEP CALM,"Canadian White Wine, & Laugh",750 mL,"$12.29
 ea.",,$1.64 /100ml,,,,https://www.metro.ca/en/online-grocery/search
SVELTE,Partially Dealcoholized Canadian White Wine,750 mL,"$12.29
 ea.",,$1.64 /100ml,"Regular price
$13.69  ea.","Valid until Feb 7, 2024",https://product-images.metro.ca/images/he7/h19/10529560985630.jpg,https://www.metro.ca/en/online-grocery/search
REVOLUTION,American White Wine,750 mL,"$11.99
 ea.",,$1.60 /100ml,,,https://product-images.metro.ca/images/h75/hda/10399744917534.jpg,https://www.metro.ca/en/online-grocery/search
,Skinless Chicken Breast Without Back,3 to 4 units per tray,"$15.86
 avg. ea.",(800 g avg.),$19.82 /kg$8.99 /lb.,,,https://product-images.metro.ca/images/h32/h7d/11930970456094.jpg,https://www.metro.ca/en/online-grocery/search
KRAFT,Smooth Peanut Butter,1 kg,"$7.99
 ea.",,$0.80 /100g,"Regular price
$8.99  ea.","Valid until Feb 7, 2024",https://product-images.metro.ca/images/h90/h43/10778619674654.jpg,https://www.metro.ca/en/online-grocery/search
SELECTION,Extra Old White Cheddar Cheese,400 g,"$3.97
 ea.",,$0.99 /100g,"Regular price
$6.49  ea.","Valid until Jan 10, 2024",https://product-images.metro.ca/images/h10/hf3/9518538784798.jpg,https://www.metro.ca/en/online-grocery/search
,English Cucumber,Sold individually,"2 / 
$5.00",,$2.50 /un.,"Regular price
$2.99  ea.","Valid until Jan 10, 2024",https://product-images.metro.ca/images/ha1/hf5/10916746493982.jpg,https://www.metro.ca/en/online-grocery/search
VALLE DELLA ROSA,Italian Red Wine,750 mL,"$13.99
 ea.",,$1.87 /100ml,"Regular price
$15.49  ea.","Valid until Feb 7, 2024",https://product-images.metro.ca/images/h95/hd8/9742256275486.jpg,https://www.metro.ca/en/online-grocery/search
CASHMERE,2-Ply Bathroom Tissue,8 un,"$9.49
 ea.",,$1.19 /un.,,,https://product-images.metro.ca/images/hae/h37/11493086265374.jpg,https://www.metro.ca/en/online-grocery/search
,Red Cluster Tomatoes,Approximately 5 tomatoes per cluster,"$5.96
 avg. ea.",(775 g avg.),$7.69 /kg$3.49 /lb.,"Regular price
$8.80  avg. kg","Valid until Jan 10, 2024",https://product-images.metro.ca/images/h81/h2a/9276940845086.jpg,https://www.metro.ca/en/online-grocery/search
,"Lean Ground Beef, Value Pack",A tray contains on average 1200 g,"$10.03
 / 1200 g",,$8.36 /kg$3.79 /lb.,"Regular price
$16.51  / kg","Valid until Jan 10, 2024",https://product-images.metro.ca/images/hc2/h5b/12048169336862.jpg,https://www.metro.ca/en/online-grocery/search
CLASSICO,"Tomato And Basil Pasta Sauce, Di Napoli",650 mL,"$5.49
 ea.",,$0.84 /100ml,,,,https://www.metro.ca/en/online-grocery/search
SCOTTIES,2-Ply Facial Tissues,6x126 sheets,"$9.99
 ea.",,$1.32 /100sheet,,,https://product-images.metro.ca/images/h4c/h63/11655039025182.jpg,https://www.metro.ca/en/online-grocery/search
IRRESISTIBLES,Roasted Whole Cashew Nuts,250 g,"$8.99
 ea.",,$3.60 /100g,"Regular price
$10.99  ea.","Valid until Jan 10, 2024",https://product-images.metro.ca/images/h04/h37/9064779218974.jpg,https://www.metro.ca/en/online-grocery/search
IRRESISTIBLES,Salted Roasted Pistachios,200 g,"$5.99
 ea.",,$3.00 /100g,"Regular price
$6.99  ea.","Valid until Jan 10, 2024",https://product-images.metro.ca/images/h61/h9f/9051579711518.jpg,https://www.metro.ca/en/online-grocery/search
,Bag Of Clementines,2 lb,"$5.99
 ea.",,$0.66 /100g,,,https://product-images.metro.ca/images/hcd/h1d/9335900307486.jpg,https://www.metro.ca/en/online-grocery/search
,Raspberries,170 g,"2 / 
$7.00",,$2.06 /100g,"Regular price
$4.99  ea.","Valid until Jan 10, 2024",https://product-images.metro.ca/images/h6a/ha6/10406084902942.jpg,https://www.metro.ca/en/online-grocery/search
LA CAGE,Frozen Buffalo Chicken Wings,550 g,"$8.99
 ea.",,$1.63 /100g,"Regular price
$15.99  ea.","Valid until Jan 10, 2024",https://product-images.metro.ca/images/h78/heb/11492952047646.jpg,https://www.metro.ca/en/online-grocery/search
LAY'S,"Classic Flavour Chips, Value Pack",235 g,"2 / 
$7.50",,$1.60 /100g,"Regular price
$4.49  ea.","Valid until Jan 10, 2024",,https://www.metro.ca/en/online-grocery/search
METROGO!,Whole Pineapple,550 g,"$4.99
 ea.",,$0.91 /100g,"Regular price
$6.99  ea.","Valid until Jan 10, 2024",https://product-images.metro.ca/images/h9f/h3e/10322830262302.jpg,https://www.metro.ca/en/online-grocery/search
GENERAL MILLS,"Honey Nut Oats Cereal, Cheerios",430 g,"2 / 
$8.00",,or $5.99 ea. $0.93 /100g,,"Valid until Feb 7, 2024",,https://www.metro.ca/en/online-grocery/search
MCCAIN,"Frozen Straight Cut Fries, Superfries",650 g,"$5.49
 ea.",,$0.84 /100g,"Regular price
$5.99  ea.","Valid until Feb 14, 2024",,https://www.metro.ca/en/online-grocery/search
MIKES,Frozen International Flavoured Pizza,871 g,"$11.99
 ea.",,$1.38 /100g,,,https://product-images.metro.ca/images/hef/h2f/10715591442462.jpg,https://www.metro.ca/en/online-grocery/search
MIKES,Pepperoni And Bacon Stuffed Crust Pizza,840 g,"$11.99
 ea.",,$1.43 /100g,,,https://product-images.metro.ca/images/h4b/hae/10715599274014.jpg,https://www.metro.ca/en/online-grocery/search
IRRESISTIBLES,Frozen Three-Meat Pie,635 g,"$9.00
 ea.",,$1.42 /100g,"Regular price
$9.99  ea.","Valid until Jan 17, 2024",https://product-images.metro.ca/images/h8d/h8d/10433024458782.jpg,https://www.metro.ca/en/online-grocery/search-page-2
SELECTION,Elbow Macaroni Pasta,900 g,"$1.47
 ea.",,$0.16 /100g,"Regular price
$2.99  ea.","Valid until Jan 10, 2024",https://product-images.metro.ca/images/h0c/ha0/10402331590686.jpg,https://www.metro.ca/en/online-grocery/search-page-2
COCA-COLA,Soft Drink,6x710 mL,"$6.99
 ea.",,$0.16 /100ml,,,https://product-images.metro.ca/images/hb7/h07/10495618809886.jpg,https://www.metro.ca/en/online-grocery/search-page-2
PEPSI,Soft Drink,6x710 mL,"$6.49
 ea.",,$0.15 /100ml,,,https://product-images.metro.ca/images/hba/h75/10045000450078.jpg,https://www.metro.ca/en/online-grocery/search-page-2
CHRISTIE,"Crackers, Toppables",386 g,"$3.49
 ea.",,$0.90 /100g,"Regular price
$4.19  ea.","Valid until Jan 24, 2024",,https://www.metro.ca/en/online-grocery/search-page-2
HABITANT,French-Canadian Pea Soup,796 mL,"$3.99
 ea.",,$0.50 /100ml,,,https://product-images.metro.ca/images/hc4/h87/11849370796062.jpg,https://www.metro.ca/en/online-grocery/search-page-2
KELLOGG'S,"Original Waffles, Eggo",560 g,"$7.49
 ea.",,$1.34 /100g,,,,https://www.metro.ca/en/online-grocery/search-page-2
,"Fresh Grade A Whole Chickens, Value Pack","2 chickens per tray, approx. 2 kg each","$23.07
 avg. ea.","(3,000 g avg.)",$7.69 /kg$3.49 /lb.,,,https://product-images.metro.ca/images/hcd/hac/8886643818526.jpg,https://www.metro.ca/en/online-grocery/search-page-2
JAMIESON,"Vitamin D 1,000 IU, Essentials",240 un,"$13.99
 ea.",,$0.06 /un.,,,,https://www.metro.ca/en/online-grocery/search-page-2
CORONA,"Non-Alcoholic Mexican Beer, Sunbrew",6x330 mL,"3 / 
$35.97",,or $14.49 ea. $0.61 /100ml,"Regular price
$15.49  ea.","Valid until Feb 7, 2024",,https://www.metro.ca/en/online-grocery/search-page-2
IRRESISTIBLES,Halves And Pieces Of Walnuts,750 g,"$14.99
 ea.",,$2.00 /100g,"Regular price
$25.99  ea.","Valid until Jan 17, 2024",https://product-images.metro.ca/images/h4c/h81/9254624002078.jpg,https://www.metro.ca/en/online-grocery/search-page-2
BOURSIN,Garlic And Fine Herbs Fresh Cheese,150 g,"$8.00
 ea.",,$5.33 /100g,,,https://product-images.metro.ca/images/h0d/ha1/11849329344542.jpg,https://www.metro.ca/en/online-grocery/search-page-2
ACTIVIA,2.9% Vanilla Flavoured Probiotic Yogurt,650 g,"2 / 
$7.50",,or $5.49 ea. $0.58 /100g,,"Valid until Feb 14, 2024",https://product-images.metro.ca/images/hf1/h63/11761469227038.jpg,https://www.metro.ca/en/online-grocery/search-page-2
OIKOS,2% Key Lime Greek Yogurts,4x100 g,"3 / 
$9.99",,or $4.99 ea. $0.83 /100g,,"Valid until Feb 14, 2024",https://product-images.metro.ca/images/h45/hb5/11570807177246.jpg,https://www.metro.ca/en/online-grocery/search-page-2
PURINA ONE,"Turkey Adult Dry Cat Food, Indoor Advantage",1.8 kg,"$12.99
 ea.",,$0.72 /100g,"Regular price
$14.49  ea.","Valid until Jan 24, 2024",,https://www.metro.ca/en/online-grocery/search-page-2
IRRESISTIBLES,Frozen Chicken Pie,600 g,"$9.00
 ea.",,$1.50 /100g,"Regular price
$9.99  ea.","Valid until Jan 17, 2024",https://product-images.metro.ca/images/h52/h0c/9848551538718.jpg,https://www.metro.ca/en/online-grocery/search-page-2
LECLERC,"Dark Chocolate Chunk Muffin Bars, Muffin Max",223 g,"$1.77
 ea.",,$0.79 /100g,"Regular price
$3.79  ea.","Valid until Jan 10, 2024",,https://www.metro.ca/en/online-grocery/search-page-2
IRRESISTIBLES,Frozen Rockefeller Oysters,108 g,"$17.99
 ea.",,$16.66 /100g,,,https://product-images.metro.ca/images/hc6/h7d/11122252578846.jpg,https://www.metro.ca/en/online-grocery/search-page-2
ALEXIS DE PORTNEUF,Sir Laurier D'Arthabaska™ Soft Surface Ripened Cheese,170 g,"$8.00
 ea.",,$4.71 /100g,"Regular price
$10.49  ea.","Valid until Jan 10, 2024",https://product-images.metro.ca/images/h15/he5/10433078001694.jpg,https://www.metro.ca/en/online-grocery/search-page-2
,European Cut Chuck Roast,1 roast,"$22.02
 avg. ea.","(1,000 g avg.)",$22.02 /kg$9.99 /lb.,"Regular price
$24.23  avg. ea.","Valid until Jan 10, 2024",https://product-images.metro.ca/images/hb6/hf1/8886493904926.jpg,https://www.metro.ca/en/online-grocery/search-page-2
AGROPUR SIGNATURE,"Double Crème Brie Cheese, L'Extra",170 g,"$8.00
 ea.",,$4.71 /100g,"Regular price
$8.79  ea.","Valid until Jan 10, 2024",,https://www.metro.ca/en/online-grocery/search-page-2
,"Boneless Trimmed Chicken Breasts, Value Pack",5 breasts per tray,"$17.61
 avg. ea.","(1,000 g avg.)",$17.61 /kg$7.99 /lb.,"Regular price
$18.72  avg. kg","Valid until Jan 10, 2024",https://product-images.metro.ca/images/he7/hb5/9233873109022.jpg,https://www.metro.ca/en/online-grocery/search-page-2
GREEN,Seedless Green Grapes,A bag contains on average 1000 g,"$0.66
 / 100 g",,$6.59 /kg$2.99 /lb.,"Regular price
$11.00  / kg","Valid until Jan 10, 2024",https://product-images.metro.ca/images/hb3/h70/8874218094622.jpg,https://www.metro.ca/en/online-grocery/search-page-2
POM,Ultra-Soft™ Sliced White Bread,675 g,"3 / 
$9.47",,or $4.49 ea. $0.47 /100g,,"Valid until Jan 10, 2024",https://product-images.metro.ca/images/h84/hb8/11412543504414.jpg,https://www.metro.ca/en/online-grocery/search-page-2
VACHON,Ah Caramel!™ Cakes,12 un - 336 g,"3 / 
$10.97",,or $4.99 ea. $0.30 /un.,"Regular price
$5.29  ea.","Valid until Jan 10, 2024",https://product-images.metro.ca/images/h8c/hc3/10893959659550.jpg,https://www.metro.ca/en/online-grocery/search-page-2
RED,Red Seedless Grapes,A bag contains on average 1000 g,"$0.66
 / 100 g",,$6.59 /kg$2.99 /lb.,"Regular price
$11.00  / kg","Valid until Jan 10, 2024",https://product-images.metro.ca/images/ha7/h94/8872792391710.jpg,https://www.metro.ca/en/online-grocery/search-page-2
,Blackberries,170 g,"$4.99
 ea.",,$3.33 /100g,,,https://product-images.metro.ca/images/hd2/he3/11521232404510.jpg,https://www.metro.ca/en/online-grocery/search-page-2
SIMPLY,Orange Juice With Pulp,1.54 L,"$6.59
 ea.",,$0.43 /100ml,,,https://product-images.metro.ca/images/hd8/h9b/11541104361502.jpg,https://www.metro.ca/en/online-grocery/search-page-2
SIMPLY,Orange Juice Without Pulp,1.54 L,"$6.59
 ea.",,$0.43 /100ml,,,https://product-images.metro.ca/images/h88/hd4/11541102264350.jpg,https://www.metro.ca/en/online-grocery/search-page-2
GENERAL MILLS,"Honey Nut Oats Cereal Value Pack, Cheerios",725 g,"$8.99
 ea.",,$1.24 /100g,,,,https://www.metro.ca/en/online-grocery/search-page-2
SAVOURA,Hothouse Red Tomato,,"$2.20
 avg. ea.",(200 g avg.),$11.00 /kg$4.99 /lb.,,,https://product-images.metro.ca/images/h67/h27/9906393874462.jpg,https://www.metro.ca/en/online-grocery/search-page-2
,Avocado,Sold individually,"2 / 
$5.00",,$2.50 /un.,"Regular price
$2.99  ea.","Valid until Jan 10, 2024",https://product-images.metro.ca/images/he7/h31/8881642930206.jpg,https://www.metro.ca/en/online-grocery/search-page-2
,Romaine Lettuce,Sold individually,"$2.99
 ea.",,$2.99 /un.,,,https://product-images.metro.ca/images/hc8/h44/8836973625374.jpg,https://www.metro.ca/en/online-grocery/search-page-2
POM,Plain English Muffins,"6 English muffins, 340 g","3 / 
$9.47",,or $4.49 ea. $0.53 /un.,,"Valid until Jan 10, 2024",https://product-images.metro.ca/images/h35/hcb/11829801484318.jpg,https://www.metro.ca/en/online-grocery/search-page-3
POM,Sliced Sesame Bagels,"6 bagels, 450 g","3 / 
$10.97",,or $4.99 ea. $0.61 /un.,"Regular price
$5.09  ea.","Valid until Jan 10, 2024",https://product-images.metro.ca/images/h9c/h77/11642926694430.jpg,https://www.metro.ca/en/online-grocery/search-page-3
SAPUTO,Mozzarellissima™ Pizza Mozzarella Cheese,690 g,"$13.99
 ea.",,$2.03 /100g,,,https://product-images.metro.ca/images/hd2/h7b/10486515007518.jpg,https://www.metro.ca/en/online-grocery/search-page-3
SAPUTO,Mozzarellissima™ Pizza Mozzarella Cheese,700 g,"$13.99
 ea.",,$2.00 /100g,,,https://product-images.metro.ca/images/h37/h91/10486513041438.jpg,https://www.metro.ca/en/online-grocery/search-page-3
DANONE,"1.5% Strawberry-Banana Flavoured Drinkable Yogurts,...",6x93 mL,"$4.49
 ea.",,$0.80 /100ml,,,,https://www.metro.ca/en/online-grocery/search-page-3
SPONGE TOWELS,"2-Ply Paper Towels, Ultra",6 un,"$18.99
 ea.",,$3.17 /un.,,,,https://www.metro.ca/en/online-grocery/search-page-3
CORONA EXTRA,Mexican Lager Beer,24x355 mL - cans,"$42.99
 ea.",,$0.50 /100ml,,,https://product-images.metro.ca/images/h50/he4/10143952076830.jpg,https://www.metro.ca/en/online-grocery/search-page-3
CASHMERE,2-Ply Bathroom Tissue,24x242 un,"$16.49
 ea.",,$0.28 /100sheet,,,https://product-images.metro.ca/images/hda/h9d/10393744375838.jpg,https://www.metro.ca/en/online-grocery/search-page-3
,Red Leaf Lettuce,Sold individually,"$2.99
 ea.",,$2.99 /un.,,,https://product-images.metro.ca/images/h3c/h0e/9335887593502.jpg,https://www.metro.ca/en/online-grocery/search-page-3
JAMIESON,"Omega-3, Select",200 un,"$26.99
 ea.",,$0.13 /un.,,,,https://www.metro.ca/en/online-grocery/search-page-3
,Green Leaf Lettuce,Sold individually,"$2.99
 ea.",,$2.99 /un.,,,https://product-images.metro.ca/images/h5e/hd7/8837223907358.jpg,https://www.metro.ca/en/online-grocery/search-page-3
HEINEKEN,Dutch Lager Beer,24x330 mL - cans,"$41.99
 ea.",,$0.53 /100ml,,,https://product-images.metro.ca/images/ha3/hb2/11513929203742.jpg,https://www.metro.ca/en/online-grocery/search-page-3
,Jumbo Cantaloupe,Sold individually,"$3.99
 ea.",,$3.99 /un.,"Regular price
$4.99  ea.","Valid until Jan 10, 2024",https://product-images.metro.ca/images/hbe/h51/10333749182494.jpg,https://www.metro.ca/en/online-grocery/search-page-3
QUAKER,Oats,1 kg,"$3.99
 ea.",,$0.40 /100g,"Regular price
$4.99  ea.","Valid until Feb 7, 2024",https://product-images.metro.ca/images/h36/h86/12279411081246.jpg,https://www.metro.ca/en/online-grocery/search-page-3
NESTLÉ,"Hot Chocolate Mix Variety Pack, Carnation",7x25 g,"$4.49
 ea.",,$2.57 /100g,"Regular price
$4.99  ea.","Valid until Feb 7, 2024",,https://www.metro.ca/en/online-grocery/search-page-3
STELLA ARTOIS,Belgian Blonde Lager Beer,24x355 mL - cans,"$42.99
 ea.",,$0.50 /100ml,,,https://product-images.metro.ca/images/h10/hf9/9742643822622.jpg,https://www.metro.ca/en/online-grocery/search-page-3
HELLMANN'S,Mayonnaise,750 mL,"$6.99
 ea.",,$0.93 /100ml,"Regular price
$8.49  ea.","Valid until Jan 24, 2024",https://product-images.metro.ca/images/hdb/h2b/11660192874526.jpg,https://www.metro.ca/en/online-grocery/search-page-3
HELLMANN'S,Mayonnaise,890 mL,"$6.99
 ea.",,$0.79 /100ml,"Regular price
$8.49  ea.","Valid until Jan 24, 2024",https://product-images.metro.ca/images/h99/h37/11344186834974.jpg,https://www.metro.ca/en/online-grocery/search-page-3
,Hothouse Red Pepper,,"$3.96
 avg. ea.",(300 g avg.),$13.21 /kg$5.99 /lb.,,,https://product-images.metro.ca/images/h09/hff/8832752844830.jpg,https://www.metro.ca/en/online-grocery/search-page-3
ACTIVIA,2.9% Vanilla Flavoured Probiotic Yogurt,8x100 g,"$4.99
 ea.",,$0.62 /100g,"Regular price
$6.49  ea.","Valid until Feb 14, 2024",https://product-images.metro.ca/images/h5c/h3a/11432705458206.jpg,https://www.metro.ca/en/online-grocery/search-page-3
FRESH ATTITUDE,Spring Salad Mix,142 g,"2 / 
$5.00",,$1.76 /100g,"Regular price
$4.99  ea.","Valid until Jan 10, 2024",https://product-images.metro.ca/images/hfb/h8d/11883403247646.jpg,https://www.metro.ca/en/online-grocery/search-page-3
ATTITUDE,Baby Spinach,142 g,"2 / 
$5.00",,$1.76 /100g,"Regular price
$4.99  ea.","Valid until Jan 10, 2024",https://product-images.metro.ca/images/h6f/h0b/11883380310046.jpg,https://www.metro.ca/en/online-grocery/search-page-3
,Avocados,2 kg,"$9.99
 ea.",,$0.50 /100g,,,https://product-images.metro.ca/images/hab/h0d/10387606601758.jpg,https://www.metro.ca/en/online-grocery/search-page-3
GENERAL MILLS,"Triple Berry Flavoured Oat Cereal Value Pack, Oatmea...",570 g,"$9.99
 ea.",,$1.75 /100g,,,,https://www.metro.ca/en/online-grocery/search-page-3
NABOB,"Colombian Coffee T Discs, Tassimo",14 un,"$10.49
 ea.",,$0.75 /un.,,,,https://www.metro.ca/en/online-grocery/search-page-3
CAFÉ WILLIAM,Americano Dark Roast Ground Coffee,340 g,"$10.99
 ea.",,$3.23 /100g,"Regular price
$12.49  ea.","Valid until Feb 7, 2024",https://product-images.metro.ca/images/hdb/he3/11259056128030.jpg,https://www.metro.ca/en/online-grocery/search-page-3
,Hothouse Red Tomato,,"$2.20
 avg. ea.",(200 g avg.),$11.00 /kg$4.99 /lb.,,,https://product-images.metro.ca/images/h62/h5f/9660685058078.jpg,https://www.metro.ca/en/online-grocery/search-page-3
SELECTION,Large White Eggs,12 un,"$3.99
 ea.",,$0.33 /un.,,,https://product-images.metro.ca/images/h92/h5c/11168816922654.jpg,https://www.metro.ca/en/online-grocery/search-page-3
CHIPS AHOY!,Original Chocolate Chip Cookies,258 g,"$3.79
 ea.",,$1.47 /100g,"Regular price
$4.79  ea.","Valid until Jan 24, 2024",https://product-images.metro.ca/images/h97/h16/10904187600926.jpg,https://www.metro.ca/en/online-grocery/search-page-3
MAXWELL HOUSE,Original Roast Ground Coffee,925 g,"$11.99
 ea.",,$1.30 /100g,,,https://product-images.metro.ca/images/h8f/h69/9986898329630.jpg,https://www.metro.ca/en/online-grocery/search-page-3
OREO,"Chocolate Sandwich Cookies, The Original",270 g,"$3.79
 ea.",,$1.40 /100g,"Regular price
$4.79  ea.","Valid until Jan 24, 2024",,https://www.metro.ca/en/online-grocery/search-page-3
DOLE,Organic Banana,,"$0.62
 avg. ea.",(190 g avg.),$3.28 /kg$1.49 /lb.,,,https://product-images.metro.ca/images/h28/hf8/8874221273118.jpg,https://www.metro.ca/en/online-grocery/search-page-3
,Lean Ground Beef,A tray contains on average 450 g,"$5.45
 / 450 g",,$12.10 /kg$5.49 /lb.,"Regular price
$18.06  / kg","Valid until Jan 10, 2024",https://product-images.metro.ca/images/h6b/h62/11521189445662.jpg,https://www.metro.ca/en/online-grocery/search-page-3
SELECTION,Large White Eggs,18 un,"$5.89
 ea.",,$0.33 /un.,,,https://product-images.metro.ca/images/h91/h18/11157658206238.jpg,https://www.metro.ca/en/online-grocery/search-page-4
,Local Mini Cucumbers,397 g,"$3.49
 ea.",,$3.49 /un.,"Regular price
$4.99  ea.","Valid until Jan 10, 2024",https://product-images.metro.ca/images/he9/h84/11204993810462.jpg,https://www.metro.ca/en/online-grocery/search-page-4
,Sweet Potato,,"$1.12
 avg. ea.",(300 g avg.),$3.73 /kg$1.69 /lb.,"Regular price
$4.39  avg. kg","Valid until Jan 10, 2024",https://product-images.metro.ca/images/hde/hcf/8874212360222.jpg,https://www.metro.ca/en/online-grocery/search-page-4
,Iceberg Lettuce,Sold individually,"$2.99
 ea.",,$2.99 /un.,"Regular price
$3.99  ea.","Valid until Jan 10, 2024",https://product-images.metro.ca/images/h72/had/8907059920926.jpg,https://www.metro.ca/en/online-grocery/search-page-4
COLGATE,"Whitening Gel Toothpaste, Total",120 ml,"$3.99
 ea.",,$3.32 /100ml,"Regular price
$4.99  ea.","Valid until Feb 7, 2024",,https://www.metro.ca/en/online-grocery/search-page-4
BOLTHOUSE FARMS,Baby-Cut Carrots,340 g,"$1.99
 ea.",,$0.59 /100g,"Regular price
$2.49  ea.","Valid until Jan 10, 2024",https://product-images.metro.ca/images/h0b/h2b/11477864022046.jpg,https://www.metro.ca/en/online-grocery/search-page-4
,Lime,Sold individually,"$0.99
 ea.",,$0.99 /un.,,,https://product-images.metro.ca/images/he4/he9/8837075206174.jpg,https://www.metro.ca/en/online-grocery/search-page-4
,Extra Lean Ground Beef,A tray contains on average 450 g,"$9.02
 / 450 g",,$20.04 /kg$9.09 /lb.,,,https://product-images.metro.ca/images/hcc/hb2/11868096069662.jpg,https://www.metro.ca/en/online-grocery/search-page-4
,Italian Tomato,,"$1.10
 avg. ea.",(100 g avg.),$11.00 /kg$4.99 /lb.,,,https://product-images.metro.ca/images/h0c/h32/9363112722462.jpg,https://www.metro.ca/en/online-grocery/search-page-4
MICHELOB ULTRA,Light Lager Beer,473 mL - can,"$3.99
 ea.",,$0.84 /100ml,,,https://product-images.metro.ca/images/h99/h3e/10768788062238.jpg,https://www.metro.ca/en/online-grocery/search-page-4
,Broccoli,Sold individually,"$3.99
 ea.",,$3.99 /un.,"Regular price
$4.99  ea.","Valid until Jan 10, 2024",https://product-images.metro.ca/images/h57/h8f/8837121736734.jpg,https://www.metro.ca/en/online-grocery/search-page-4
,Green Onions,1 bunch,"$1.99
 ea.",,$1.99 /un.,,,https://product-images.metro.ca/images/hc2/hbd/8837317820446.jpg,https://www.metro.ca/en/online-grocery/search-page-4
,Local Red Cluster Tomatoes,Approximately 5 tomatoes per cluster,"$5.96
 avg. ea.",(775 g avg.),$7.69 /kg$3.49 /lb.,"Regular price
$8.80  avg. kg","Valid until Jan 10, 2024",https://product-images.metro.ca/images/ha2/he3/9662946902046.jpg,https://www.metro.ca/en/online-grocery/search-page-4
,Yellow Onions,2 lb,"$1.99
 ea.",,$0.22 /100g,"Regular price
$2.99  ea.","Valid until Jan 10, 2024",https://product-images.metro.ca/images/h25/h86/8858905903134.jpg,https://www.metro.ca/en/online-grocery/search-page-4
KRAFT DINNER,White Cheddar Macaroni And Cheese,175 g,"$2.69
 ea.",,$1.54 /100g,,,https://product-images.metro.ca/images/hc6/hef/12245680521246.jpg,https://www.metro.ca/en/online-grocery/search-page-4
,White Potato,,"$1.30
 avg. ea.",(295 g avg.),$4.39 /kg$1.99 /lb.,,,https://product-images.metro.ca/images/ha6/h86/8889381781534.jpg,https://www.metro.ca/en/online-grocery/search-page-4
,Rutabaga,,"$4.08
 avg. ea.",(930 g avg.),$4.39 /kg$1.99 /lb.,,,https://product-images.metro.ca/images/he1/h7e/8872801468446.jpg,https://www.metro.ca/en/online-grocery/search-page-4
,"Extra Lean Ground Beef, Value Pack",A tray contains on average 900 g,"$16.85
 / 900 g",,$18.72 /kg$8.49 /lb.,,,https://product-images.metro.ca/images/h8e/hbd/12048176349214.jpg,https://www.metro.ca/en/online-grocery/search-page-4
,Medium Ground Beef,A tray contains on average 450 g,"$6.93
 / 450 g",,$15.41 /kg$6.99 /lb.,,,https://product-images.metro.ca/images/h0c/ha1/12048167534622.jpg,https://www.metro.ca/en/online-grocery/search-page-4
,Green Beans,,"$1.32
 / 100 g",,$13.21 /kg$5.99 /lb.,,,https://product-images.metro.ca/images/h63/hb3/8836970807326.jpg,https://www.metro.ca/en/online-grocery/search-page-4
,"Fresh Canadian Atlantic Salmon Fillet, Value Pack",Around 1 fillet per tray,"$19.28
 avg. ea.",(500 g avg.),$38.56 /kg$17.49 /lb.,,,https://product-images.metro.ca/images/hbe/h43/11869270474782.jpg,https://www.metro.ca/en/online-grocery/search-page-4
,Celery,Sold individually,"$3.99
 ea.",,$3.99 /un.,,,https://product-images.metro.ca/images/h3d/h9f/8910053638174.jpg,https://www.metro.ca/en/online-grocery/search-page-4
,"Apple, McIntosh",,"$1.05
 avg. ea.",(170 g avg.),$6.15 /kg$2.79 /lb.,,,,https://www.metro.ca/en/online-grocery/search-page-4
REDPATH,Special Fine Granulated Sugar,2 kg,"$3.29
 ea.",,$0.16 /100g,"Regular price
$3.99  ea.","Valid until Feb 7, 2024",https://product-images.metro.ca/images/hb6/h71/10715270873118.jpg,https://www.metro.ca/en/online-grocery/search-page-4
,Hothouse Orange Pepper,,"$3.96
 avg. ea.",(300 g avg.),$13.21 /kg$5.99 /lb.,,,https://product-images.metro.ca/images/h88/h6d/8835115188254.jpg,https://www.metro.ca/en/online-grocery/search-page-4
,Red Onion,,"$1.65
 avg. ea.",(300 g avg.),$5.49 /kg$2.49 /lb.,,,https://product-images.metro.ca/images/hcd/hfa/8833147404318.jpg,https://www.metro.ca/en/online-grocery/search-page-4
BEATRICE,1% Milk,4 L,"$7.19
 ea.",,$0.18 /100ml,,,https://product-images.metro.ca/images/heb/h97/12263406403614.jpg,https://www.metro.ca/en/online-grocery/search-page-4
,"Medium Ground Beef, Value Pack",A tray contains on average 1200 g,"$15.85
 / 1200 g",,$13.21 /kg$5.99 /lb.,,,https://product-images.metro.ca/images/h67/h5b/12048178184222.jpg,https://www.metro.ca/en/online-grocery/search-page-4
LACTANTIA,Salted Butter,454 g,"$8.19
 ea.",,$1.80 /100g,,,https://product-images.metro.ca/images/h6a/h99/12240706994206.jpg,https://www.metro.ca/en/online-grocery/search-page-4
,Cauliflower,Sold individually,"$3.99
 ea.",,$3.99 /un.,"Regular price
$4.99  ea.","Valid until Jan 10, 2024",https://product-images.metro.ca/images/h7c/h2e/8897128562718.jpg,https://www.metro.ca/en/online-grocery/search-page-4
MIRABEL,Hydroponic Boston Lettuce Duo,2 un,"$4.99
 ea.",,$4.99 /un.,,,https://product-images.metro.ca/images/h1b/h17/11374843527198.jpg,https://www.metro.ca/en/online-grocery/search-page-4
,"Pork Tenderloins, Value Pack",2 tenderloins per tray,"$6.59
 avg. ea.","(1,000 g avg.)",$6.59 /kg$2.99 /lb.,"Regular price
$17.61  avg. kg","Valid until Jan 10, 2024",https://product-images.metro.ca/images/he4/h9d/12048169533470.jpg,https://www.metro.ca/en/online-grocery/search-page-4
,Zucchini,,"$1.45
 avg. ea.",(245 g avg.),$5.93 /kg$2.69 /lb.,"Regular price
$8.80  avg. kg","Valid until Jan 10, 2024",https://product-images.metro.ca/images/h6f/h85/8832944242718.jpg,https://www.metro.ca/en/online-grocery/search-page-4
,Fresh Canadian Atlantic Salmon Fillet,,"$7.93
 avg. ea.",(200 g avg.),$39.66 /kg$17.99 /lb.,,,https://product-images.metro.ca/images/h40/h27/11869262938142.jpg,https://www.metro.ca/en/online-grocery/search-page-5
IRRESISTIBLES,"Black Forest Ham, Artisan",,"$3.29
 / 100 g",,$32.90 /kg$14.92 /lb.,"Regular price
$34.90  / kg","Valid until Jan 17, 2024",,https://www.metro.ca/en/online-grocery/search-page-5
,Fresh Ginger,,"$0.55
 / 50 g",,$11.00 /kg$4.99 /lb.,,,https://product-images.metro.ca/images/h91/h8f/8832755400734.jpg,https://www.metro.ca/en/online-grocery/search-page-5
,Clementine,,"$0.57
 avg. ea.",(65 g avg.),$8.80 /kg$3.99 /lb.,,,https://product-images.metro.ca/images/h5c/h4d/8874268426270.jpg,https://www.metro.ca/en/online-grocery/search-page-5
HALLS,Honey Lemon Flavoured Cough Drops,9 drops,"$1.89
 ea.",,$1.89 /un.,,,https://product-images.metro.ca/images/h29/h1f/11627083005982.jpg,https://www.metro.ca/en/online-grocery/search-page-5
,Bag Of Avocados,5 pieces,"$5.99
 ea.",,$5.99 /un.,,,https://product-images.metro.ca/images/h0a/ha5/8858856030238.jpg,https://www.metro.ca/en/online-grocery/search-page-5
,Yellow Onions,5 lb,"$3.99
 ea.",,$0.18 /100g,,,https://product-images.metro.ca/images/h57/hc6/8871949598750.jpg,https://www.metro.ca/en/online-grocery/search-page-5
PREMIÈRE MOISSON,French Baguette,325 g,"$3.79
 ea.",,$1.17 /100g,,,https://product-images.metro.ca/images/h3f/hc7/10265064996894.jpg,https://www.metro.ca/en/online-grocery/search-page-5
,Cucumber,Sold individually,"$1.99
 ea.",,$1.99 /un.,,,https://product-images.metro.ca/images/hde/h79/8837091262494.jpg,https://www.metro.ca/en/online-grocery/search-page-5
BUD LIGHT,"Mango Flavoured Alcoholic Malt Beverage, Seltzer",6x355 mL,"$14.49
 ea.",,$4.08 /100ml,,,,https://www.metro.ca/en/online-grocery/search-page-5
SELECTION,Extra Large White Eggs,12 un,"$4.99
 ea.",,$0.42 /un.,,,https://product-images.metro.ca/images/h9b/h7d/10390687154206.jpg,https://www.metro.ca/en/online-grocery/search-page-5
,Chicken Legs With Back,6 legs per tray,"$14.43
 avg. ea.","(1,600 g avg.)",$9.02 /kg$4.09 /lb.,,,https://product-images.metro.ca/images/hf5/hd7/8886403956766.jpg,https://www.metro.ca/en/online-grocery/search-page-5
,Radish,1 bunch,"$1.99
 ea.",,$1.99 /un.,"Regular price
$2.69  ea.","Valid until Jan 10, 2024",https://product-images.metro.ca/images/h51/hb1/8874231070750.jpg,https://www.metro.ca/en/online-grocery/search-page-5
,Colossal Sweet Onion,,"$1.78
 avg. ea.",(300 g avg.),$5.93 /kg$2.69 /lb.,,,https://product-images.metro.ca/images/hfc/hd1/8873469542430.jpg,https://www.metro.ca/en/online-grocery/search-page-5
JAMIESON,"Melatonin, Maximum Strength",60x10mg - time-release caplets,"$14.99
 ea.",,$0.25 /un.,,,,https://www.metro.ca/en/online-grocery/search-page-5
,Hothouse Yellow Pepper,,"$3.96
 avg. ea.",(300 g avg.),$13.21 /kg$5.99 /lb.,,,https://product-images.metro.ca/images/hff/h36/8834358640670.jpg,https://www.metro.ca/en/online-grocery/search-page-5
,Green Cabbage,,"$3.84
 avg. ea.","(1,760 g avg.)",$2.18 /kg$0.99 /lb.,"Regular price
$3.28  avg. kg","Valid until Jan 10, 2024",https://product-images.metro.ca/images/hf5/hf4/8867945611294.jpg,https://www.metro.ca/en/online-grocery/search-page-5
,Garlic,,"$1.54
 avg. ea.",(100 g avg.),$15.41 /kg$6.99 /lb.,,,https://product-images.metro.ca/images/h67/h78/8833745879070.jpg,https://www.metro.ca/en/online-grocery/search-page-5
HYGRADE,Wieners,450 g,"$6.99
 ea.",,$1.55 /100g,,,https://product-images.metro.ca/images/h4b/h80/9751045898270.jpg,https://www.metro.ca/en/online-grocery/search-page-5
,"Apple, Granny Smith",,"$1.22
 avg. ea.",(185 g avg.),$6.59 /kg$2.99 /lb.,,,,https://www.metro.ca/en/online-grocery/search-page-5
,"Boneless Chicken Thighs, Value Pack",12 thighs per tray,"$17.61
 avg. ea.","(1,000 g avg.)",$17.61 /kg$7.99 /lb.,"Regular price
$18.72  avg. kg","Valid until Jan 10, 2024",https://product-images.metro.ca/images/hc6/hb4/12207673442334.jpg,https://www.metro.ca/en/online-grocery/search-page-5
SELECTION,Hamburger Buns,12 un,"$2.99
 ea.",,$0.25 /un.,"Regular price
$3.79  ea.","Valid until Jan 10, 2024",https://product-images.metro.ca/images/h84/h0b/9761049280542.jpg,https://www.metro.ca/en/online-grocery/search-page-5
SELECTION,Bacon,375 g,"$6.99
 ea.",,$1.86 /100g,"Regular price
$7.99  ea.","Valid until Jan 17, 2024",https://product-images.metro.ca/images/hc8/hfd/12048160292894.jpg,https://www.metro.ca/en/online-grocery/search-page-5
SELECTION,Frozen Beef For Fondue,300 g,"$7.99
 ea.",,$2.66 /100g,"Regular price
$8.99  ea.","Valid until Jan 17, 2024",https://product-images.metro.ca/images/h1e/hc9/12048160391198.jpg,https://www.metro.ca/en/online-grocery/search-page-5
,Local Nantes Carrots,454 g,"$3.99
 ea.",,$0.88 /100g,,"Valid until Jan 10, 2024",https://product-images.metro.ca/images/h0a/h33/9906498633758.jpg,https://www.metro.ca/en/online-grocery/search-page-5
LACTANTIA,Natural Unsalted Butter,454 g,"$8.19
 ea.",,$1.80 /100g,,,https://product-images.metro.ca/images/ha4/ha8/10423260315678.jpg,https://www.metro.ca/en/online-grocery/search-page-5
,Inside Round French Roast,,"$24.89
 avg. ea.","(1,000 g avg.)",$24.89 /kg$11.29 /lb.,,,https://product-images.metro.ca/images/hf0/h27/12048167632926.jpg,https://www.metro.ca/en/online-grocery/search-page-5
NATREL,"2% Milk, Fine-Filtered",2 L,"$5.29
 ea.",,$0.26 /100ml,,,,https://www.metro.ca/en/online-grocery/search-page-5
METROGO!,Seedless Watermelon Quarter,,"$5.22
 avg. ea.","(1,190 g avg.)",$4.39 /kg$1.99 /lb.,,,https://product-images.metro.ca/images/hf2/h6b/9222193315870.jpg,https://www.metro.ca/en/online-grocery/search-page-5
,Spanish Onion,,"$2.20
 avg. ea.",(500 g avg.),$4.39 /kg$1.99 /lb.,,,https://product-images.metro.ca/images/hee/h48/8835310419998.jpg,https://www.metro.ca/en/online-grocery/search-page-5
,Fresh Italian Parsley,1 bunch,"$1.99
 ea.",,$1.99 /un.,,,https://product-images.metro.ca/images/h90/ha6/8837191008286.jpg,https://www.metro.ca/en/online-grocery/search-page-5
POM,Ultra-Soft™ Hamburger Buns,6 buns,"2 / 
$6.00",,or $4.39 ea. $0.50 /un.,,"Valid until Feb 7, 2024",https://product-images.metro.ca/images/h1d/h44/10304051085342.jpg,https://www.metro.ca/en/online-grocery/search-page-5
ATTITUDE,Baby Spinach,312 g,"$6.99
 ea.",,$2.24 /100g,,,https://product-images.metro.ca/images/h19/hf6/11883375263774.jpg,https://www.metro.ca/en/online-grocery/search-page-5
REDPATH,Golden Yellow Sugar,1 kg,"$3.29
 ea.",,$0.33 /100g,"Regular price
$4.29  ea.","Valid until Feb 7, 2024",https://product-images.metro.ca/images/hab/hdd/10727332773918.jpg,https://www.metro.ca/en/online-grocery/search-page-6
THE LITTLE POTATO COMPANY,"Yellow Creamer Potatoes, Boomer Gold",680 g,"$4.99
 ea.",,$0.73 /100g,,,,https://www.metro.ca/en/online-grocery/search-page-6
IRRESISTIBLES,Orange Juice Without Pulp,2.5 L,"$5.29
 ea.",,$0.21 /100ml,,,https://product-images.metro.ca/images/h59/he1/10881067483166.jpg,https://www.metro.ca/en/online-grocery/search-page-6
,Lean Ground Grain-Fed Veal,A tray contains on average 450 g,"$8.13
 / 450 g",,$18.06 /kg$8.19 /lb.,,,https://product-images.metro.ca/images/hef/h2b/9185796096030.jpg,https://www.metro.ca/en/online-grocery/search-page-6
PURINA ONE,"Chicken Dry Cat Food, True Instinct",1.45 kg,"$12.99
 ea.",,$0.90 /100g,"Regular price
$14.99  ea.","Valid until Jan 24, 2024",,https://www.metro.ca/en/online-grocery/search-page-6
ATTITUDE,Arugula,142 g,"2 / 
$5.00",,$1.76 /100g,"Regular price
$4.99  ea.","Valid until Jan 10, 2024",https://product-images.metro.ca/images/h54/h9b/11883376574494.jpg,https://www.metro.ca/en/online-grocery/search-page-6
,Blueberries,170 g,"$3.99
 ea.",,$2.35 /100g,"Regular price
$4.99  ea.","Valid until Jan 10, 2024",https://product-images.metro.ca/images/h32/h99/11073850048542.jpg,https://www.metro.ca/en/online-grocery/search-page-6
PHILADELPHIA,Original Cream Cheese,227 g,"$6.49
 ea.",,$2.86 /100g,,,https://product-images.metro.ca/images/h2b/hc7/9986835677214.jpg,https://www.metro.ca/en/online-grocery/search-page-6
ESKA,Natural Spring Water,24x500 mL,"$5.99
 ea.",,$0.05 /100ml,,,https://product-images.metro.ca/images/ha0/h92/9836357353502.jpg,https://www.metro.ca/en/online-grocery/search-page-6
TOBLERONE,Swiss Milk Chocolate With Honey And Almond Nougat,100 g,"$2.99
 ea.",,$2.99 /100g,"Regular price
$3.49  ea.","Valid until Jan 24, 2024",https://product-images.metro.ca/images/hb4/h69/12216217141278.jpg,https://www.metro.ca/en/online-grocery/search-page-6
POM,Ultra-Soft™ Hot-Dog Buns,6 buns,"2 / 
$6.00",,or $4.39 ea. $0.50 /un.,,"Valid until Feb 7, 2024",https://product-images.metro.ca/images/hd4/h04/11829801254942.jpg,https://www.metro.ca/en/online-grocery/search-page-6
IRRESISTIBLES,"Roasted Seasoned Turkey Breast, Artisan",,"$4.49
 / 100 g",,$44.90 /kg$20.37 /lb.,"Regular price
$47.90  / kg","Valid until Jan 10, 2024",,https://www.metro.ca/en/online-grocery/search-page-6
SUN-MAID,Raisin Bread,450 g,"2 / 
$7.98",,or $4.99 ea. $0.89 /100g,"Regular price
$5.99  ea.","Valid until Jan 10, 2024",https://product-images.metro.ca/images/h1e/ha3/11488811810846.jpg,https://www.metro.ca/en/online-grocery/search-page-6
,"Apple, Honeycrisp",,"$1.05
 avg. ea.",(160 g avg.),$6.59 /kg$2.99 /lb.,"Regular price
$7.69  avg. kg","Valid until Jan 10, 2024",,https://www.metro.ca/en/online-grocery/search-page-6
CAVENDISH FARMS,Frozen Straight Cut French Fries,800 g,"$5.79
 ea.",,$0.72 /100g,,,https://product-images.metro.ca/images/h9d/hc3/12175880093726.jpg,https://www.metro.ca/en/online-grocery/search-page-6
RED GRILL,Tenderloin Steak,,"$25.13
 avg. ea.",(300 g avg.),$83.75 /kg$37.99 /lb.,,,https://product-images.metro.ca/images/h1d/h5a/9185824342046.jpg,https://www.metro.ca/en/online-grocery/search-page-6
THE LITTLE POTATO COMPANY,Creamer Potatoe Trio,680 g,"$4.99
 ea.",,$0.73 /100g,,,https://product-images.metro.ca/images/hc0/hec/11461724373022.jpg,https://www.metro.ca/en/online-grocery/search-page-6
BEATRICE,3.25% Milk,4 L,"$7.93
 ea.",,$0.20 /100ml,,,https://product-images.metro.ca/images/ha6/hdc/12263404175390.jpg,https://www.metro.ca/en/online-grocery/search-page-6
ATTITUDE,Spring Salad Mix,312 g,"$6.99
 ea.",,$2.24 /100g,,,https://product-images.metro.ca/images/h29/hd2/11883405180958.jpg,https://www.metro.ca/en/online-grocery/search-page-6
AYLMER,Tomato Condensed Soup,284 mL,"2 / 
$2.22",,$0.39 /100ml,"Regular price
$1.39  ea.","Valid until Jan 10, 2024",https://product-images.metro.ca/images/h3f/hf7/10777070764062.jpg,https://www.metro.ca/en/online-grocery/search-page-6
PHILADELPHIA,Original Cream Cheese Brick,250 g,"$6.49
 ea.",,$2.60 /100g,,,https://product-images.metro.ca/images/hc7/h3f/12050651775006.jpg,https://www.metro.ca/en/online-grocery/search-page-6
HEINZ,Tomato Juice,540 mL,"$2.49
 ea.",,$0.46 /100ml,,,https://product-images.metro.ca/images/hf8/h7b/9986680848414.jpg,https://www.metro.ca/en/online-grocery/search-page-6
THE LITTLE POTATO COMPANY,"Red Creamer Potatoes, Blushing Belle",680 g,"$4.99
 ea.",,$0.73 /100g,,,,https://www.metro.ca/en/online-grocery/search-page-6
,"Apple, Cortland",,"$1.17
 avg. ea.",(190 g avg.),$6.15 /kg$2.79 /lb.,,,,https://www.metro.ca/en/online-grocery/search-page-6
,Local Iceberg Lettuce,Sold individually,"$2.99
 ea.",,$2.99 /un.,"Regular price
$3.99  ea.","Valid until Jan 10, 2024",https://product-images.metro.ca/images/hdb/he5/8871771537438.jpg,https://www.metro.ca/en/online-grocery/search-page-6
WONDERFUL,Roasted Salted Pistachios,225 g,"$7.99
 ea.",,$3.55 /100g,,,https://product-images.metro.ca/images/h59/hef/9633875689502.jpg,https://www.metro.ca/en/online-grocery/search-page-6
POM,Ultra-Soft™ Sesame Hamburger Buns,"8 buns, 560 g","3 / 
$10.97",,or $4.99 ea. $0.46 /un.,"Regular price
$5.19  ea.","Valid until Jan 10, 2024",https://product-images.metro.ca/images/hf4/heb/10304060686366.jpg,https://www.metro.ca/en/online-grocery/search-page-6
,Lean Ground Pork,A tray contains on average 450 g,"$5.45
 / 450 g",,$12.10 /kg$5.49 /lb.,"Regular price
$12.76  / kg","Valid until Jan 10, 2024",https://product-images.metro.ca/images/h6e/h94/8886491840542.jpg,https://www.metro.ca/en/online-grocery/search-page-6
,"Bourguignon Beef Cubes, Value Pack",1 pack,"$15.41
 avg. ea.",(700 g avg.),$22.02 /kg$9.99 /lb.,"Regular price
$24.23  avg. kg","Valid until Jan 10, 2024",https://product-images.metro.ca/images/he0/h37/8893953441822.jpg,https://www.metro.ca/en/online-grocery/search-page-6
PEPSI,Soft Drink,12x355 mL,"$6.98
 ea.",,$0.16 /100ml,"Regular price
$7.99  ea.","Valid until Jan 10, 2024",https://product-images.metro.ca/images/hfc/hb3/12354385510430.jpg,https://www.metro.ca/en/online-grocery/search-page-6
IRRESISTIBLES,Fresh Basil,21 g,"$2.99
 ea.",,$2.99 /un.,,,https://product-images.metro.ca/images/h39/h3b/8959531122718.jpg,https://www.metro.ca/en/online-grocery/search-page-6
,"Apple, Spartan",,"$0.92
 avg. ea.",(150 g avg.),$6.15 /kg$2.79 /lb.,,,,https://www.metro.ca/en/online-grocery/search-page-6
LAFLEUR,Original Wieners,450 g,"$6.49
 ea.",,$1.44 /100g,,,https://product-images.metro.ca/images/hf5/h0b/9773762969630.jpg,https://www.metro.ca/en/online-grocery/search-page-6
LACTANTIA,"2% Milk, PurFiltre",1 L,"$2.99
 ea.",,$0.30 /100ml,"Regular price
$3.69  ea.","Valid until Feb 14, 2024",,https://www.metro.ca/en/online-grocery/search-page-7
TOSTITOS,"Tortilla Chips, Scoops",215 g,"2 / 
$8.50",,or $4.99 ea. $1.98 /100g,,"Valid until Jan 24, 2024",,https://www.metro.ca/en/online-grocery/search-page-7
SELECTION,Crab Flavoured Pollock Flakes,,"$1.98
 / 100 g",,$19.82 /kg$8.99 /lb.,"Regular price
$24.23  / kg","Valid until Jan 10, 2024",https://product-images.metro.ca/images/h04/hcd/11869263069214.jpg,https://www.metro.ca/en/online-grocery/search-page-7
RED GRILL,Beef Tenderloin Roast,,"$79.34
 avg. ea.","(1,000 g avg.)",$79.34 /kg$35.99 /lb.,,,https://product-images.metro.ca/images/hc8/hfe/9233885888542.jpg,https://www.metro.ca/en/online-grocery/search-page-7
CRAVE,Frozen Smokey BBQ Angus Beef,283 g,"$4.99
 ea.",,$1.76 /100g,"Regular price
$5.99  ea.","Valid until Feb 14, 2024",https://product-images.metro.ca/images/h76/h22/9987160637470.jpg,https://www.metro.ca/en/online-grocery/search-page-7
COATICOOK,Vanilla Flavoured Old-Fashioned Ice Cream,2 L,"$5.99
 ea.",,$0.30 /100ml,,,https://product-images.metro.ca/images/h02/hae/11477763817502.jpg,https://www.metro.ca/en/online-grocery/search-page-7
,Extra Lean Ground Pork,A tray contains on average 450 g,"$6.14
 / 450 g",,$13.65 /kg$6.19 /lb.,,,https://product-images.metro.ca/images/hc4/h81/8886437314590.jpg,https://www.metro.ca/en/online-grocery/search-page-7
QUÉBON,"15% Thick Cooking Cream, Ultra'Cream",473 mL,"$3.49
 ea.",,$0.74 /100ml,"Regular price
$4.49  ea.","Valid until Feb 14, 2024",,https://www.metro.ca/en/online-grocery/search-page-7
LACTANTIA,"1% Milk, PurFiltre",2 L,"$5.29
 ea.",,$0.26 /100ml,,,,https://www.metro.ca/en/online-grocery/search-page-7
BLUE MOON,"Light White Beer Brewed With Tangerine Peel, Light Sky",12x355 mL,"$23.99
 ea.",,$0.56 /100ml,"Regular price
$25.99  ea.","Valid until Jan 10, 2024",,https://www.metro.ca/en/online-grocery/search-page-7
SELECTION,Reduced Salt Bacon,375 g,"$6.99
 ea.",,$1.86 /100g,"Regular price
$7.99  ea.","Valid until Jan 17, 2024",https://product-images.metro.ca/images/h2a/ha0/12240713154590.jpg,https://www.metro.ca/en/online-grocery/search-page-7
MERIT,Belgian Bread,455 g,"$3.99
 ea.",,$0.88 /100g,"Regular price
$4.49  ea.","Valid until Jan 10, 2024",https://product-images.metro.ca/images/h1c/h1c/8860245721118.jpg,https://www.metro.ca/en/online-grocery/search-page-7
VILLAGGIO,"Thick Sliced White Bread, Classico",675 g,"2 / 
$7.49",,or $4.59 ea. $0.55 /100g,,"Valid until Jan 10, 2024",,https://www.metro.ca/en/online-grocery/search-page-7
,White Onion,,"$1.98
 avg. ea.",(300 g avg.),$6.59 /kg$2.99 /lb.,,,https://product-images.metro.ca/images/h22/h6a/8874212589598.jpg,https://www.metro.ca/en/online-grocery/search-page-7
OLYMEL,Naturally Smoked Bacon,375 g,"$7.99
 ea.",,$2.13 /100g,,,https://product-images.metro.ca/images/h43/hc0/11432676556830.jpg,https://www.metro.ca/en/online-grocery/search-page-7
,Sliced White Mushrooms,227 g,"$3.49
 ea.",,$1.54 /100g,,,https://product-images.metro.ca/images/h4a/h40/8858841677854.jpg,https://www.metro.ca/en/online-grocery/search-page-7
FRENCH'S,"Prepared Mustard, Classic Yellow",400 mL,"$2.49
 ea.",,$0.62 /100ml,"Regular price
$2.99  ea.","Valid until Jan 24, 2024",,https://www.metro.ca/en/online-grocery/search-page-7
FRESH ATTITUDE,Organic Baby Spinach,142 g,"$5.99
 ea.",,$4.22 /100g,,,https://product-images.metro.ca/images/h1b/h84/11883371593758.jpg,https://www.metro.ca/en/online-grocery/search-page-7
DOLE,Colourful Coleslaw Salad,397 g,"$3.99
 ea.",,$1.01 /100g,,,https://product-images.metro.ca/images/h91/h72/10225155571742.jpg,https://www.metro.ca/en/online-grocery/search-page-7
,"Lean Ground Pork, Value Pack",A tray contains on average 1100 g,"$9.20
 / 1100 g",,$8.36 /kg$3.79 /lb.,"Regular price
$11.66  / kg","Valid until Jan 10, 2024",https://product-images.metro.ca/images/h31/haa/9233856561182.jpg,https://www.metro.ca/en/online-grocery/search-page-7
,"Beef For Chinese Fondue, Pre-Rolled",1 pack,"$10.74
 avg. ea.",(375 g avg.),$28.64 /kg$12.99 /lb.,,,,https://www.metro.ca/en/online-grocery/search-page-7
PHILADELPHIA,Original Cream Cheese,340 g,"$5.99
 ea.",,$1.76 /100g,"Regular price
$7.99  ea.","Valid until Jan 10, 2024",https://product-images.metro.ca/images/hec/h07/9986807136286.jpg,https://www.metro.ca/en/online-grocery/search-page-7
,White Panini Rolls,6x57 g,"$4.99
 ea.",,$1.46 /100g,,,https://product-images.metro.ca/images/h7f/h38/8868026056734.jpg,https://www.metro.ca/en/online-grocery/search-page-7
,Kiwi,Sold individually,"$0.99
 ea.",,$0.99 /un.,"Regular price
4 / $5.00","Valid until Jan 10, 2024",https://product-images.metro.ca/images/h9d/hbc/9220930797598.jpg,https://www.metro.ca/en/online-grocery/search-page-7
,Green Kale,1 bunch,"$2.49
 ea.",,$2.49 /un.,,,https://product-images.metro.ca/images/hf8/h82/8873633841182.jpg,https://www.metro.ca/en/online-grocery/search-page-7
IRRESISTIBLES,Sea Salt Old-Fashioned Chips,150 g,"$2.99
 ea.",,$1.99 /100g,,,https://product-images.metro.ca/images/hc3/h4d/9704101740574.jpg,https://www.metro.ca/en/online-grocery/search-page-7
SMARTFOOD,White Cheddar Popcorn,200 g,"2 / 
$7.50",,$1.88 /100g,"Regular price
$4.99  ea.","Valid until Jan 10, 2024",https://product-images.metro.ca/images/h67/h22/12279396171806.jpg,https://www.metro.ca/en/online-grocery/search-page-7
,"French Steaks, Value Pack",3 steaks per tray,"$15.41
 avg. ea.",(700 g avg.),$22.02 /kg$9.99 /lb.,"Regular price
$24.89  avg. kg","Valid until Jan 10, 2024",https://product-images.metro.ca/images/h5c/h8c/8886517399582.jpg,https://www.metro.ca/en/online-grocery/search-page-7
PREMIÈRE MOISSON,Parisian Baguette Artisan,475 g,"$4.99
 ea.",,$1.05 /100g,,,https://product-images.metro.ca/images/h7a/h9a/11541044887582.jpg,https://www.metro.ca/en/online-grocery/search-page-7
IRRESISTIBLES,Frozen Mixed Berries,600 g,"3 / 
$12.99",,or $5.99 ea. $0.72 /100g,,"Valid until Feb 14, 2024",https://product-images.metro.ca/images/he8/h9e/9910116810782.jpg,https://www.metro.ca/en/online-grocery/search-page-7
SELECTION,Rippled Regular Chips,200 g,"2 / 
$4.00",,$1.00 /100g,"Regular price
$2.79  ea.","Valid until Jan 24, 2024",https://product-images.metro.ca/images/h43/h06/10200532189214.jpg,https://www.metro.ca/en/online-grocery/search-page-7
QUÉBON,"35% Whipping Cream, Ultra'Cream",473 mL,"$5.69
 ea.",,$1.20 /100ml,,,,https://www.metro.ca/en/online-grocery/search-page-7
,9" White Submarine Rolls,4x100 g,"$4.99
 ea.",,$4.99 /100g,,,,https://www.metro.ca/en/online-grocery/search-page-8
PLANTERS,Salted Cashews,200 g,"$7.99
 ea.",,$4.00 /100g,,,https://product-images.metro.ca/images/h4c/h7e/11693766901790.jpg,https://www.metro.ca/en/online-grocery/search-page-8
,Fresh Whole Chicken,Approximately 2 kg,"$14.85
 avg. ea.","(1,500 g avg.)",$9.90 /kg$4.49 /lb.,,,https://product-images.metro.ca/images/h87/h06/8886477160478.jpg,https://www.metro.ca/en/online-grocery/search-page-8
GADOUA,"Thick-Sliced White Bread, Moelleux",675 g,"$4.99
 ea.",,$0.74 /100g,,,,https://www.metro.ca/en/online-grocery/search-page-8
COLGATE,"Repair And Prevent Toothpaste, Sensitive Pro-Relief",120 mL,"$8.29
 ea.",,$6.91 /100ml,,,,https://www.metro.ca/en/online-grocery/search-page-8
,French Baguette,282 g,"$2.99
 ea.",,$1.06 /100g,"Regular price
$3.49  ea.","Valid until Jan 10, 2024",https://product-images.metro.ca/images/h06/h23/8860481257502.jpg,https://www.metro.ca/en/online-grocery/search-page-8
,Boneless Cross Rib Roast,,"$36.35
 avg. ea.",,$24.23 /kg$10.99 /lb.,,,https://product-images.metro.ca/images/h64/h50/11868094267422.jpg,https://www.metro.ca/en/online-grocery/search-page-8
,"Apple, Empire",,"$1.05
 avg. ea.",(170 g avg.),$6.15 /kg$2.79 /lb.,,,,https://www.metro.ca/en/online-grocery/search-page-8
ANDY BOY,Rapini,1 bunch,"$4.99
 ea.",,$4.99 /un.,,,https://product-images.metro.ca/images/h30/h52/9335873011742.jpg,https://www.metro.ca/en/online-grocery/search-page-8
,Red Potatoes,5 lb,"$4.99
 ea.",,$0.22 /100g,,,https://product-images.metro.ca/images/hbf/ha8/8871391002654.jpg,https://www.metro.ca/en/online-grocery/search-page-8
,"Boneless Stewing Beef Cubes, Value Pack",1 pack,"$18.83
 avg. ea.",(900 g avg.),$20.92 /kg$9.49 /lb.,"Regular price
$22.02  avg. kg","Valid until Jan 10, 2024",https://product-images.metro.ca/images/h8d/hac/12048177004574.jpg,https://www.metro.ca/en/online-grocery/search-page-8
,"Baby Back Pork Ribs, Value Pack",1 rack per tray,"$19.82
 avg. ea.","(1,000 g avg.)",$19.82 /kg$8.99 /lb.,,,https://product-images.metro.ca/images/had/h13/9231655239710.jpg,https://www.metro.ca/en/online-grocery/search-page-8
RED GRILL,"T-Bone Steaks, Value Pack",2 steaks per tray,"$44.07
 avg. ea.","(1,000 g avg.)",$44.07 /kg$19.99 /lb.,,,https://product-images.metro.ca/images/h33/h77/9233891491870.jpg,https://www.metro.ca/en/online-grocery/search-page-8
,Pork Shoulder Picnic Roast,,"$11.00
 avg. ea.","(1,000 g avg.)",$11.00 /kg$4.99 /lb.,,,https://product-images.metro.ca/images/haa/ha7/11521184038942.jpg,https://www.metro.ca/en/online-grocery/search-page-8
,Cilantro,1 bunch,"$1.99
 ea.",,$1.99 /un.,,,https://product-images.metro.ca/images/hbe/h6f/9215381209118.jpg,https://www.metro.ca/en/online-grocery/search-page-8
IRRESISTIBLES,Sea Salt And Vinegar Old-Fashioned Chips,150 g,"$2.99
 ea.",,$1.99 /100g,,,https://product-images.metro.ca/images/h69/h62/9704100429854.jpg,https://www.metro.ca/en/online-grocery/search-page-8
,Washed Local Yellow Fleshed Potatoes,5 lb,"$4.99
 ea.",,$0.22 /100g,,,https://product-images.metro.ca/images/h8d/h40/8933458280478.jpg,https://www.metro.ca/en/online-grocery/search-page-8
D'ITALIANO,Thick Sliced Italian Style White Bread,675 g,"$5.49
 ea.",,$0.81 /100g,,,https://product-images.metro.ca/images/h18/h34/8859698331678.jpg,https://www.metro.ca/en/online-grocery/search-page-8
,Curly Parsley,1 bunch,"$1.99
 ea.",,$1.99 /un.,,,https://product-images.metro.ca/images/h5f/h60/8836991057950.jpg,https://www.metro.ca/en/online-grocery/search-page-8
,Hothouse Pink Tomato,,"$2.64
 avg. ea.",(200 g avg.),$13.21 /kg$5.99 /lb.,,,https://product-images.metro.ca/images/h0b/h9b/9363112689694.jpg,https://www.metro.ca/en/online-grocery/search-page-8
IRRESISTIBLES,Amber Maple Syrup,540 mL,"$9.99
 ea.",,$1.85 /100ml,,,https://product-images.metro.ca/images/h08/h4a/11521121681438.jpg,https://www.metro.ca/en/online-grocery/search-page-8
,Jalapeño Pepper,,"$0.38
 avg. ea.",(35 g avg.),$11.00 /kg$4.99 /lb.,,,https://product-images.metro.ca/images/he8/hc4/8835309174814.jpg,https://www.metro.ca/en/online-grocery/search-page-8
GREEN GIANT,Cream Style Corn Fancy Grade,398 mL,"$2.79
 ea.",,$0.70 /100ml,,,https://product-images.metro.ca/images/hb9/haa/9998177337374.jpg,https://www.metro.ca/en/online-grocery/search-page-8
REDPATH,Dark Brown Sugar,1 kg,"$3.29
 ea.",,$0.33 /100g,"Regular price
$4.29  ea.","Valid until Feb 7, 2024",https://product-images.metro.ca/images/h94/h72/10727330840606.jpg,https://www.metro.ca/en/online-grocery/search-page-8
PREMIUM PLUS,Salted Tops Crackers,450 g,"$4.79
 ea.",,$1.06 /100g,"Regular price
$5.49  ea.","Valid until Jan 24, 2024",https://product-images.metro.ca/images/h30/hf3/12354428370974.jpg,https://www.metro.ca/en/online-grocery/search-page-8
,Russet Potato,,"$1.69
 avg. ea.",(385 g avg.),$4.39 /kg$1.99 /lb.,,,https://product-images.metro.ca/images/hb8/h83/8878637252638.jpg,https://www.metro.ca/en/online-grocery/search-page-8
NATREL,"2% Milk, Fine-Filtered",1 L,"$2.99
 ea.",,$0.30 /100ml,"Regular price
$3.69  ea.","Valid until Feb 14, 2024",,https://www.metro.ca/en/online-grocery/search-page-8
FRESH ATTITUDE,Organic Spring Mix,142 g,"$5.99
 ea.",,$4.22 /100g,,,https://product-images.metro.ca/images/hb9/h1d/11883377328158.jpg,https://www.metro.ca/en/online-grocery/search-page-8
NATREL,"2% Milk, Fine-Filtered",4 L,"$9.69
 ea.",,$0.24 /100ml,,,,https://www.metro.ca/en/online-grocery/search-page-8
,"Chicken Drumsticks, Value Pack",10 drumsticks per tray,"$11.88
 avg. ea.","(1,200 g avg.)",$9.90 /kg$4.49 /lb.,,,https://product-images.metro.ca/images/h0b/hc7/8884588085278.jpg,https://www.metro.ca/en/online-grocery/search-page-8
LESTERS,Hot Dog Wieners,450 g,"$5.99
 ea.",,$1.33 /100g,,,https://product-images.metro.ca/images/hf6/h51/10518810329118.jpg,https://www.metro.ca/en/online-grocery/search-page-8
LACTANTIA,"2% Milk, PurFiltre",4 L,"$9.69
 ea.",,$0.24 /100ml,,,,https://www.metro.ca/en/online-grocery/search-page-9
,Ribeye Steak,,"$18.27
 avg. ea.",(325 g avg.),$56.20 /kg$25.49 /lb.,,,https://product-images.metro.ca/images/hb1/h21/9231653404702.jpg,https://www.metro.ca/en/online-grocery/search-page-9
SELECTION,Diced Tomatoes,796 mL,"$1.99
 ea.",,$0.25 /100ml,"Regular price
$2.19  ea.","Valid until Jan 24, 2024",https://product-images.metro.ca/images/h69/hb3/9518738571294.jpg,https://www.metro.ca/en/online-grocery/search-page-9
SELECTION,Thick Sliced Bacon,375 g,"$6.99
 ea.",,$1.86 /100g,"Regular price
$7.99  ea.","Valid until Jan 17, 2024",https://product-images.metro.ca/images/h5b/hd5/12240720461854.jpg,https://www.metro.ca/en/online-grocery/search-page-9
PURINA ONE,Chicken And Rice Dry Dog Food,7 kg,"$32.99
 ea.",,$0.47 /100g,,,https://product-images.metro.ca/images/hd4/hbb/11492907155486.jpg,https://www.metro.ca/en/online-grocery/search-page-9
CANTON,The Original Broth For Fondue And Cooking,1.1 L,"$4.99
 ea.",,$0.45 /100ml,"Regular price
$5.79  ea.","Valid until Jan 24, 2024",https://product-images.metro.ca/images/h64/hdb/11088022536222.jpg,https://www.metro.ca/en/online-grocery/search-page-9
QUÉBON,1% Chocolate Milk,1 L,"$3.79
 ea.",,$0.38 /100ml,,,https://product-images.metro.ca/images/h9e/h93/11274284466206.jpg,https://www.metro.ca/en/online-grocery/search-page-9
BEATRICE,1% Chocolate Milk,1 L,"$3.79
 ea.",,$0.38 /100ml,,,https://product-images.metro.ca/images/h9f/hb0/12230518538270.jpg,https://www.metro.ca/en/online-grocery/search-page-9
TOSTITOS,Mild Salsa,418 mL,"$4.99
 ea.",,$1.19 /100ml,,,https://product-images.metro.ca/images/h4c/h04/11627075960862.jpg,https://www.metro.ca/en/online-grocery/search-page-9
BOOST,Vanilla Flavoured Meal Replacement,6x237 mL,"$14.99
 ea.",,$1.05 /100ml,"Regular price
$16.99  ea.","Valid until Feb 7, 2024",https://product-images.metro.ca/images/h97/h0f/10715153203230.jpg,https://www.metro.ca/en/online-grocery/search-page-9
DEMERS,"Small Italian Style Greenhouse Tomatoes, Bella",250 g,"$4.99
 ea.",,$2.00 /100g,,,,https://www.metro.ca/en/online-grocery/search-page-9
PLANTERS,Lightly Salted Cashews,200 g,"$7.99
 ea.",,$4.00 /100g,,,https://product-images.metro.ca/images/hbb/h4a/9519320006686.jpg,https://www.metro.ca/en/online-grocery/search-page-9
SELECTION,Unsalted Butter,454 g,"$6.49
 ea.",,$1.43 /100g,,,https://product-images.metro.ca/images/ha6/h1e/10433033633822.jpg,https://www.metro.ca/en/online-grocery/search-page-9
IRRESISTIBLES,"Sea Salt Old-Fashioned Chips, Thick Cut",150 g,"$2.99
 ea.",,$1.99 /100g,,,,https://www.metro.ca/en/online-grocery/search-page-9
LACTANTIA,Semi Salted Butter,454 g,"$8.19
 ea.",,$1.80 /100g,,,https://product-images.metro.ca/images/h4f/h51/12240718790686.jpg,https://www.metro.ca/en/online-grocery/search-page-9
VACHON,Jos Louis™ Original Cakes,"6 cakes, 324 g","3 / 
$10.97",,or $4.99 ea. $0.61 /un.,"Regular price
$5.29  ea.","Valid until Jan 10, 2024",https://product-images.metro.ca/images/he4/h47/10893961461790.jpg,https://www.metro.ca/en/online-grocery/search-page-9
BEATRICE,Skim Milk,4 L,"$6.87
 ea.",,$0.17 /100ml,,,https://product-images.metro.ca/images/h06/h4d/12263406272542.jpg,https://www.metro.ca/en/online-grocery/search-page-9
SELECTION,Regular Chips,200 g,"2 / 
$4.00",,$1.00 /100g,"Regular price
$2.79  ea.","Valid until Jan 24, 2024",https://product-images.metro.ca/images/hd2/hfc/11520992444446.jpg,https://www.metro.ca/en/online-grocery/search-page-9
,Washed White Potatoes,5 lb,"$4.99
 ea.",,$0.22 /100g,,,https://product-images.metro.ca/images/h07/h96/10424152948766.jpg,https://www.metro.ca/en/online-grocery/search-page-9
,French Beef Steak,,"$5.70
 avg. ea.",(225 g avg.),$25.33 /kg$11.49 /lb.,"Regular price
$26.87  avg. kg","Valid until Jan 10, 2024",https://product-images.metro.ca/images/h0a/h9a/8912879845406.jpg,https://www.metro.ca/en/online-grocery/search-page-9
,Strawberries,454 g,"$5.99
 ea.",,$1.32 /100g,"Regular price
$6.99  ea.","Valid until Jan 10, 2024",https://product-images.metro.ca/images/he6/hc6/10723487842334.jpg,https://www.metro.ca/en/online-grocery/search-page-9
TOSTITOS,"Tortilla Chips, Rounds",295 g,"2 / 
$8.50",,or $4.99 ea. $1.44 /100g,,"Valid until Jan 24, 2024",,https://www.metro.ca/en/online-grocery/search-page-9
SIMPLY,Orange Juice Without Pulp,2.63 L,"$6.99
 ea.",,$0.27 /100ml,"Regular price
$8.99  ea.","Valid until Jan 10, 2024",https://product-images.metro.ca/images/hf3/h3c/11570795085854.jpg,https://www.metro.ca/en/online-grocery/search-page-9
SELECTION,Shredded Mozzarella Cheese,320 g,"$5.99
 ea.",,$1.87 /100g,"Regular price
$7.49  ea.","Valid until Feb 14, 2024",https://product-images.metro.ca/images/h50/h28/9518517583902.jpg,https://www.metro.ca/en/online-grocery/search-page-9
IRRESISTIBLES,Crackers Assortment,250 g,"$5.49
 ea.",,$2.20 /100g,"Regular price
$5.99  ea.","Valid until Jan 24, 2024",https://product-images.metro.ca/images/h03/h88/11521054867486.jpg,https://www.metro.ca/en/online-grocery/search-page-9
SELECTION,Wieners,450 g,"$3.99
 ea.",,$0.89 /100g,"Regular price
$4.49  ea.","Valid until Jan 17, 2024",https://product-images.metro.ca/images/h61/h7d/9185755693086.jpg,https://www.metro.ca/en/online-grocery/search-page-9
SELECTION,Rippled Barbecue Chips,200 g,"2 / 
$4.00",,$1.00 /100g,"Regular price
$2.79  ea.","Valid until Jan 24, 2024",https://product-images.metro.ca/images/h47/h14/10200530354206.jpg,https://www.metro.ca/en/online-grocery/search-page-9
HUNT'S,Tomato Paste,156 mL,"$1.79
 ea.",,$1.15 /100ml,,,https://product-images.metro.ca/images/hab/h89/9702991593502.jpg,https://www.metro.ca/en/online-grocery/search-page-9
PREMIÈRE MOISSON,White Ham,,"$3.99
 / 100 g",,$39.90 /kg$18.10 /lb.,"Regular price
$42.90  / kg","Valid until Jan 17, 2024",https://product-images.metro.ca/images/hb9/h5d/10469966315550.jpg,https://www.metro.ca/en/online-grocery/search-page-9
SELECTION,BBQ Flavoured Chips,200 g,"2 / 
$4.00",,$1.00 /100g,"Regular price
$2.79  ea.","Valid until Jan 24, 2024",https://product-images.metro.ca/images/h0a/h69/10200397447198.jpg,https://www.metro.ca/en/online-grocery/search-page-9
,Organic Celery,Sold individually,"$4.99
 ea.",,$4.99 /un.,,,https://product-images.metro.ca/images/h65/h9e/8873402630174.jpg,https://www.metro.ca/en/online-grocery/search-page-9
SELECTION,10% Coffee Cream,1 L,"$5.49
 ea.",,$0.55 /100ml,,,https://product-images.metro.ca/images/h59/had/9773781614622.jpg,https://www.metro.ca/en/online-grocery/search-page-9
ADONIS,White Pita Bread,225 g,"3 / 
$5.00",,$0.74 /100g,"Regular price
$2.69  ea.","Valid until Jan 10, 2024",https://product-images.metro.ca/images/heb/hcf/11541045805086.jpg,https://www.metro.ca/en/online-grocery/search-page-10
QUÉBON,"10% Coffee Cream, Ultra'Cream",1 L,"$5.69
 ea.",,$0.57 /100ml,,,,https://www.metro.ca/en/online-grocery/search-page-10
GASPÉSIEN,Mock Chicken,,"$1.99
 / 100 g",,$19.90 /kg$9.03 /lb.,,,https://product-images.metro.ca/images/h1c/he6/8825507872798.jpg,https://www.metro.ca/en/online-grocery/search-page-10
IRRESISTIBLES,Fresh Chives,21 g,"$2.99
 ea.",,$2.99 /un.,,,https://product-images.metro.ca/images/hf7/h6b/8959530827806.jpg,https://www.metro.ca/en/online-grocery/search-page-10
PURINA ONE,Chicken And Rice Dry Cat Food,1.59 kg,"$10.99
 ea.",,$0.69 /100g,"Regular price
$12.99  ea.","Valid until Jan 24, 2024",https://product-images.metro.ca/images/h0b/he0/11493165105182.jpg,https://www.metro.ca/en/online-grocery/search-page-10
,Boneless Stewing Beef Cubes,1 pack,"$12.72
 avg. ea.",(550 g avg.),$23.13 /kg$10.49 /lb.,"Regular price
$24.23  avg. kg","Valid until Jan 10, 2024",https://product-images.metro.ca/images/h98/h45/11521184399390.jpg,https://www.metro.ca/en/online-grocery/search-page-10
TOSTITOS,"Tortilla Chips, Restaurant Style",275 g,"2 / 
$8.50",,or $4.99 ea. $1.55 /100g,,"Valid until Jan 24, 2024",,https://www.metro.ca/en/online-grocery/search-page-10
NESTLÉ,"Chocolate Bar, Kit Kat",45 g,"$1.59
 ea.",,$3.53 /100g,,,,https://www.metro.ca/en/online-grocery/search-page-10
SEALTEST,14% Sour Cream,250 mL,"$3.39
 ea.",,$1.36 /100ml,,,https://product-images.metro.ca/images/h18/h7c/11401273901086.jpg,https://www.metro.ca/en/online-grocery/search-page-10
,Extra Lean Cooked Ham,,"$2.99
 / 100 g",,$29.90 /kg$13.56 /lb.,,,https://product-images.metro.ca/images/had/hd2/9742301823006.jpg,https://www.metro.ca/en/online-grocery/search-page-10
TERRA DELYSSA,Extra Virgin Olive Oil,1 L,"$27.49
 ea.",,$2.75 /100ml,,,https://product-images.metro.ca/images/h93/he8/11829828485150.jpg,https://www.metro.ca/en/online-grocery/search-page-10
TROPICANA,Orange Juice Without Pulp,2.63 L,"$9.29
 ea.",,$0.35 /100ml,,,https://product-images.metro.ca/images/hb8/h1e/10788938252318.jpg,https://www.metro.ca/en/online-grocery/search-page-10
COCA-COLA,Soft Drink,12x355 mL,"$6.98
 ea.",,$0.16 /100ml,"Regular price
$7.99  ea.","Valid until Jan 10, 2024",https://product-images.metro.ca/images/h6d/h46/10495738380318.jpg,https://www.metro.ca/en/online-grocery/search-page-10
SELECTION,Cream Style Corn,398 mL,"$2.29
 ea.",,$0.58 /100ml,,,https://product-images.metro.ca/images/h2c/h0d/9518859255838.jpg,https://www.metro.ca/en/online-grocery/search-page-10
METROGO!,Watermelon Slices,Approximately 5 slices,"$3.75
 avg. ea.",(855 g avg.),$4.39 /kg$1.99 /lb.,,,https://product-images.metro.ca/images/he3/hdd/11931010531358.jpg,https://www.metro.ca/en/online-grocery/search-page-10
IRRESISTIBLES,Jalapeño Pepper Old-Fashioned Chips,150 g,"$2.99
 ea.",,$1.99 /100g,,,https://product-images.metro.ca/images/h99/h6e/9704100167710.jpg,https://www.metro.ca/en/online-grocery/search-page-10
TOSTITOS,Medium Salsa,418 mL,"$4.99
 ea.",,$1.19 /100ml,,,https://product-images.metro.ca/images/hf2/h37/11627075698718.jpg,https://www.metro.ca/en/online-grocery/search-page-10
,Live Lobster,1-1.25 lb,"$22.48
 avg. ea.",(510 g avg.),$44.07 /kg$19.99 /lb.,,,https://product-images.metro.ca/images/ha5/hee/10702319419422.jpg,https://www.metro.ca/en/online-grocery/search-page-10
IRRESISTIBLES,Fresh Coriander,21 g,"$2.99
 ea.",,$2.99 /un.,,,https://product-images.metro.ca/images/hc4/h9f/8959508840478.jpg,https://www.metro.ca/en/online-grocery/search-page-10
V8,Original Vegetable Cocktail,6x156 mL,"2 / 
$7.00",,$0.37 /100ml,"Regular price
$4.49  ea.","Valid until Jan 10, 2024",https://product-images.metro.ca/images/h23/h2e/11642899169310.jpg,https://www.metro.ca/en/online-grocery/search-page-10
SELECTION,Medium Eggs,12 un,"$3.99
 ea.",,$0.33 /un.,,,https://product-images.metro.ca/images/h22/h62/8833228079134.jpg,https://www.metro.ca/en/online-grocery/search-page-10
SELECTION,Stuffed Manzanilla Olives,375 mL,"$3.29
 ea.",,$0.88 /100ml,,,https://product-images.metro.ca/images/hdb/hd4/8844560465950.jpg,https://www.metro.ca/en/online-grocery/search-page-10
,White Kaiser Rolls,6x60 g,"$4.99
 ea.",,$1.39 /100g,,,https://product-images.metro.ca/images/h24/hcc/10265074499614.jpg,https://www.metro.ca/en/online-grocery/search-page-10
IRRESISTIBLES,Frozen Mango Chunks,600 g,"3 / 
$12.99",,or $5.99 ea. $0.72 /100g,,"Valid until Feb 14, 2024",https://product-images.metro.ca/images/h1e/hc5/11521037139998.jpg,https://www.metro.ca/en/online-grocery/search-page-10
,"Beef, Pork And Veal Lean Ground Meats",A tray contains on average 500 g,"$8.81
 / 500 g",,$17.61 /kg$7.99 /lb.,,,https://product-images.metro.ca/images/hef/h48/9290619387934.jpg,https://www.metro.ca/en/online-grocery/search-page-10
,Bone-In Center-Cut Pork Loin Roast,,"$18.71
 avg. ea.","(1,250 g avg.)",$14.97 /kg$6.79 /lb.,,,https://product-images.metro.ca/images/h6c/h7b/9279438192670.jpg,https://www.metro.ca/en/online-grocery/search-page-10
IRRESISTIBLES,Orange Juice With Pulp,2.5 L,"$5.29
 ea.",,$0.21 /100ml,,,https://product-images.metro.ca/images/h4e/h63/10788971347998.jpg,https://www.metro.ca/en/online-grocery/search-page-10
,Bag Of Spinach,171 g,"$3.49
 ea.",,$2.04 /100g,,,https://product-images.metro.ca/images/hd3/hac/8889266831390.jpg,https://www.metro.ca/en/online-grocery/search-page-10
POM,Hamburger Buns With Sesame Seeds,4 buns,"3 / 
$10.97",,or $4.99 ea. $0.91 /un.,,"Valid until Jan 10, 2024",https://product-images.metro.ca/images/he6/h5a/10304062357534.jpg,https://www.metro.ca/en/online-grocery/search-page-10
PREMIÈRE MOISSON,Large Country-Style Loaf,700 g,"2 / 
$10.00",,or $5.49 ea. $0.71 /100g,,"Valid until Jan 17, 2024",https://product-images.metro.ca/images/h8a/h65/11541088993310.jpg,https://www.metro.ca/en/online-grocery/search-page-10
BECEL,Original Margarine,850 g,"$7.99
 ea.",,$0.94 /100g,"Regular price
$9.79  ea.","Valid until Jan 10, 2024",https://product-images.metro.ca/images/h84/hb9/10529524416542.jpg,https://www.metro.ca/en/online-grocery/search-page-10
SILK,Original Flavour Unsweetened Almond Plant-Based Beve...,1.89 L,"$4.79
 ea.",,$0.25 /100ml,"Regular price
$5.69  ea.","Valid until Feb 14, 2024",,https://www.metro.ca/en/online-grocery/search-page-11
ROMA,"Pepperoni Mini 88, 4""",,"$1.99
 / 100 g",,$19.90 /kg$9.03 /lb.,"Regular price
$23.90  / kg","Valid until Jan 17, 2024",,https://www.metro.ca/en/online-grocery/search-page-11
,Red Onions,3 lb,"$4.99
 ea.",,$0.37 /100g,,,https://product-images.metro.ca/images/hf1/h61/11511555358750.jpg,https://www.metro.ca/en/online-grocery/search-page-11
SIFTO,Fine Table Salt,1 kg,"$1.99
 ea.",,$0.20 /100g,,,https://product-images.metro.ca/images/h79/ha2/8854547234846.jpg,https://www.metro.ca/en/online-grocery/search-page-11
KRAFT,Rancher'S Choice Dressing,475 mL,"$4.49
 ea.",,$0.95 /100ml,,,https://product-images.metro.ca/images/h5d/hdd/12174940471326.jpg,https://www.metro.ca/en/online-grocery/search-page-11
SELECTION,Maple Flavoured Bacon,375 g,"$6.99
 ea.",,$1.86 /100g,"Regular price
$7.99  ea.","Valid until Jan 17, 2024",https://product-images.metro.ca/images/h0c/hbd/12240714825758.jpg,https://www.metro.ca/en/online-grocery/search-page-11
LACTANTIA,"3.25% Homogenized Milk, PurFiltre",2 L,"$5.29
 ea.",,$0.26 /100ml,,,,https://www.metro.ca/en/online-grocery/search-page-11
LACTANTIA,Provençal Garlic Butter,125 g,"$3.99
 ea.",,$3.19 /100g,,,https://product-images.metro.ca/images/h9d/hbf/9731797549086.jpg,https://www.metro.ca/en/online-grocery/search-page-11
NATREL,"1% Milk, Fine Filtered",2 L,"$5.29
 ea.",,$0.26 /100ml,,,,https://www.metro.ca/en/online-grocery/search-page-11
FANTINO&MONDELLO,Original Cooked Pancetta,125 g,"$7.49
 ea.",,$5.99 /100g,,,https://product-images.metro.ca/images/h03/hcf/11849566257182.jpg,https://www.metro.ca/en/online-grocery/search-page-11
QUÉBON,"35% Cooking Cream, Ultra'Cream",473 mL,"$5.69
 ea.",,$1.20 /100ml,,,,https://www.metro.ca/en/online-grocery/search-page-11
ST-HUBERT,Creamy Coleslaw,454 g,"$4.79
 ea.",,$1.06 /100g,"Regular price
$4.99  ea.","Valid until Jan 17, 2024",https://product-images.metro.ca/images/h9c/hf6/11332994072606.jpg,https://www.metro.ca/en/online-grocery/search-page-11
IRRESISTIBLES,Fresh Thyme,21 g,"$2.99
 ea.",,$2.99 /un.,,,https://product-images.metro.ca/images/hfd/hb7/11521273430046.jpg,https://www.metro.ca/en/online-grocery/search-page-11
,Boneless Skinless Chicken Thighs,6 thighs per tray,"$11.40
 avg. ea.",(575 g avg.),$19.82 /kg$8.99 /lb.,"Regular price
$20.92  avg. kg","Valid until Jan 10, 2024",https://product-images.metro.ca/images/hea/h28/9233902501918.jpg,https://www.metro.ca/en/online-grocery/search-page-11
BEYOND,"Cod, Salmon And Sweet Potato Adult Wet Dog Food, Gra...",368 g,"2 / 
$5.50",,$0.75 /100g,"Regular price
$3.19  ea.","Valid until Jan 10, 2024",,https://www.metro.ca/en/online-grocery/search-page-11
,"Chicken Breasts With Back, Value Pack",3 breasts per tray,"$21.05
 avg. ea.","(1,650 g avg.)",$12.76 /kg$5.79 /lb.,,,https://product-images.metro.ca/images/hf2/h0b/8886471720990.jpg,https://www.metro.ca/en/online-grocery/search-page-11
ST-HUBERT,Bbq Sauce,398 mL,"$2.69
 ea.",,$0.68 /100ml,,,https://product-images.metro.ca/images/hfd/h3c/10239137841182.jpg,https://www.metro.ca/en/online-grocery/search-page-11
LECLERC,"Mini Butter Cookies With Real Milk Chocolate, Célébr...",240 g,"$4.49
 ea.",,$1.87 /100g,,,,https://www.metro.ca/en/online-grocery/search-page-11
SELECTION,English Muffins,6 un - 342 g,"2 / 
$7.00",,$1.02 /100g,"Regular price
$3.69  ea.","Valid until Jan 10, 2024",https://product-images.metro.ca/images/hc2/h97/9519207514142.jpg,https://www.metro.ca/en/online-grocery/search-page-11
QUÉBON,"15% Country Style Cream, Ultra'Cream",473 mL,"$3.49
 ea.",,$0.74 /100ml,"Regular price
$4.49  ea.","Valid until Feb 14, 2024",,https://www.metro.ca/en/online-grocery/search-page-11
,Anise Fennel,,"$3.98
 avg. ea.",(998 g avg.),"$3,990.00 /kg$1,809.83 /lb.",,,https://product-images.metro.ca/images/hb1/hcd/11521110507550.jpg,https://www.metro.ca/en/online-grocery/search-page-11
SELECTION,Herbs And Spices Diced Tomatoes,796 mL,"$1.99
 ea.",,$0.25 /100ml,"Regular price
$2.19  ea.","Valid until Jan 24, 2024",https://product-images.metro.ca/images/hf9/h00/9518694727710.jpg,https://www.metro.ca/en/online-grocery/search-page-11
CAMPBELL'S,Cream Of Mushroom Condensed Soup,284 mL,"$1.79
 ea.",,$0.63 /100ml,"Regular price
$2.49  ea.","Valid until Jan 24, 2024",https://product-images.metro.ca/images/h81/h12/11849336586270.jpg,https://www.metro.ca/en/online-grocery/search-page-11
IRRESISTIBLES,2% Eggnog,1 L,"$4.19
 ea.",,$0.42 /100ml,,,https://product-images.metro.ca/images/h18/hc7/9719681777694.jpg,https://www.metro.ca/en/online-grocery/search-page-11
VACHON,May West™ Original Cakes,"6 cakes, 324 g","3 / 
$10.97",,or $4.99 ea. $0.61 /un.,"Regular price
$5.29  ea.","Valid until Jan 10, 2024",https://product-images.metro.ca/images/h22/hde/10893963329566.jpg,https://www.metro.ca/en/online-grocery/search-page-11
,Small Washed Yellow-Fleshed Potatoes,3 lb,"$2.99
 ea.",,$0.22 /100g,,,https://product-images.metro.ca/images/hd8/hd3/8893484171294.jpg,https://www.metro.ca/en/online-grocery/search-page-11
IRRESISTIBLES,Fresh Rosemary,21 g,"$2.99
 ea.",,$2.99 /un.,,,https://product-images.metro.ca/images/hc1/h6f/11521271398430.jpg,https://www.metro.ca/en/online-grocery/search-page-11
LE SIEUR,Tender Green Peas,398 mL,"$2.79
 ea.",,$0.70 /100ml,,,https://product-images.metro.ca/images/hfa/h97/9998180974622.jpg,https://www.metro.ca/en/online-grocery/search-page-11
,Russet Potatoes,5 lb,"$4.99
 ea.",,$0.22 /100g,,,https://product-images.metro.ca/images/h38/h26/8991586975774.jpg,https://www.metro.ca/en/online-grocery/search-page-11
,Washed Small White Potatoes,3 lb,"$2.99
 ea.",,$0.22 /100g,,,https://product-images.metro.ca/images/h87/hba/11511574200350.jpg,https://www.metro.ca/en/online-grocery/search-page-11
CHEEZ WHIZ,Cheese Spread,450 g,"$6.69
 ea.",,$1.49 /100g,,,https://product-images.metro.ca/images/h2c/h4f/9986787311646.jpg,https://www.metro.ca/en/online-grocery/search-page-11
MÈRE MICHEL,Naturally Smoked Bacon,375 g,"$4.99
 ea.",,$1.33 /100g,"Regular price
$7.99  ea.","Valid until Jan 10, 2024",https://product-images.metro.ca/images/ha0/h27/11221265285150.jpg,https://www.metro.ca/en/online-grocery/search-page-11
CAMPBELL'S,Ready To Use Chicken Broth,900 mL,"$2.99
 ea.",,$0.33 /100ml,,,https://product-images.metro.ca/images/h76/h2f/11693733347358.jpg,https://www.metro.ca/en/online-grocery/search-page-11
SEALTEST,14% Sour Cream,500 mL,"$3.99
 ea.",,$0.80 /100ml,"Regular price
$4.49  ea.","Valid until Jan 10, 2024",https://product-images.metro.ca/images/h44/h07/11401264005150.jpg,https://www.metro.ca/en/online-grocery/search-page-12
ST-MÉTHODE,Homestyle™ Sliced Bread With Stone Ground Old-Fashio...,600 g,"$5.39
 ea.",,$0.90 /100g,,,,https://www.metro.ca/en/online-grocery/search-page-12
CATELLI,"Ready-Cut Macaroni, Classic",500 g,"$2.99
 ea.",,$0.60 /100g,,,,https://www.metro.ca/en/online-grocery/search-page-12
SELECTION,Whole Kernel Corn,341 mL,"$2.29
 ea.",,$0.67 /100ml,,,https://product-images.metro.ca/images/hb7/h6a/11521155039262.jpg,https://www.metro.ca/en/online-grocery/search-page-12
IÖGO,1.5% Creamy Duo Yogurt,16x100 g,"$8.79
 ea.",,$8.79 /100g,,,https://product-images.metro.ca/images/h50/hb3/11860778483742.jpg,https://www.metro.ca/en/online-grocery/search-page-12
,Chicken Breast Without Back,3 to 4 units per tray,"$15.41
 avg. ea.","(1,000 g avg.)",$15.41 /kg$6.99 /lb.,,,https://product-images.metro.ca/images/h36/he3/9290619453470.jpg,https://www.metro.ca/en/online-grocery/search-page-12
,Boneless Center-Cut Pork Chops,3 chops per tray,"$7.53
 avg. ea.",(475 g avg.),$15.85 /kg$7.19 /lb.,,,https://product-images.metro.ca/images/hd1/h99/9233858428958.jpg,https://www.metro.ca/en/online-grocery/search-page-12
ST-VIATEUR BAGEL,Montreal Style Sesame Bagels,6 un - 480 g,"$6.99
 ea.",,$1.46 /100g,,,https://product-images.metro.ca/images/hea/h8d/9760846807070.jpg,https://www.metro.ca/en/online-grocery/search-page-12
IRRESISTIBLES,Frozen Sliced Strawberries,600 g,"3 / 
$12.99",,or $5.99 ea. $0.72 /100g,,"Valid until Feb 14, 2024",https://product-images.metro.ca/images/h96/hba/9910115041310.jpg,https://www.metro.ca/en/online-grocery/search-page-12
CADBURY,"Milk Chocolate Bar, Dairy Milk",100 g,"$2.99
 ea.",,$2.99 /100g,"Regular price
$3.49  ea.","Valid until Jan 24, 2024",,https://www.metro.ca/en/online-grocery/search-page-12
,Snow Peas,200 g,"$4.99
 ea.",,$2.50 /100g,,"Valid until Jan 10, 2024",https://product-images.metro.ca/images/h66/hbf/8893491511326.jpg,https://www.metro.ca/en/online-grocery/search-page-12
SELECTION,Swiss Cheese,250 g,"$5.29
 ea.",,$2.12 /100g,,,https://product-images.metro.ca/images/h7e/haf/9518550482974.jpg,https://www.metro.ca/en/online-grocery/search-page-12
NATREL,"2% Lactose Free Milk, Fine-Filtered",2 L,"$5.99
 ea.",,$0.30 /100ml,"Regular price
$6.99  ea.","Valid until Jan 10, 2024",,https://www.metro.ca/en/online-grocery/search-page-12
IRRESISTIBLES,"Extra-Lean Montreal Smoked Meat, Artisan",,"$4.29
 / 100 g",,$42.90 /kg$19.46 /lb.,,,,https://www.metro.ca/en/online-grocery/search-page-12
BUD LIGHT,Light Blonde Lager Beer,30x355 mL - cans,"$42.99
 ea.",,$0.40 /100ml,"Regular price
$44.49  ea.","Valid until Jan 10, 2024",https://product-images.metro.ca/images/ha3/hfb/10123518640158.jpg,https://www.metro.ca/en/online-grocery/search-page-12
HEINZ,Chili Sauce,455 mL,"$5.79
 ea.",,$1.27 /100ml,,,https://product-images.metro.ca/images/h69/hcb/11665337745438.jpg,https://www.metro.ca/en/online-grocery/search-page-12
ST-MÉTHODE,Sliced Grandfather™ Oat Bread,600 g,"$5.39
 ea.",,$0.90 /100g,,,https://product-images.metro.ca/images/he8/h57/10123685396510.jpg,https://www.metro.ca/en/online-grocery/search-page-12
SELECTION,Puff Pastry Shells,"6 pastry shells, 160 g","$7.29
 ea.",,$4.56 /100g,,"Valid until Jan 17, 2024",https://product-images.metro.ca/images/h8c/hbc/8860359557150.jpg,https://www.metro.ca/en/online-grocery/search-page-12
IRRESISTIBLES,Mesquite BBQ Flavoured Old-Fashioned Chips,150 g,"$2.99
 ea.",,$1.99 /100g,,,https://product-images.metro.ca/images/hd5/hdb/11521051197470.jpg,https://www.metro.ca/en/online-grocery/search-page-12
SELECTION,Rippled All Dressed Chips,200 g,"2 / 
$4.00",,$1.00 /100g,"Regular price
$2.79  ea.","Valid until Jan 24, 2024",https://product-images.metro.ca/images/hd2/h83/10200534089758.jpg,https://www.metro.ca/en/online-grocery/search-page-12
BERTOLLI,"Extra Virgin Olive Oil, Rich Taste",1 L,"$19.99
 ea.",,$2.00 /100ml,,,,https://www.metro.ca/en/online-grocery/search-page-12
ST-MÉTHODE,9 Grain Sliced Bread,550 g,"$5.39
 ea.",,$0.98 /100g,,,https://product-images.metro.ca/images/h82/h18/10123686641694.jpg,https://www.metro.ca/en/online-grocery/search-page-12
DARE,"Chocolate Covered Marshmallow Cookies, Whippet",250 g,"$4.49
 ea.",,$1.80 /100g,,,,https://www.metro.ca/en/online-grocery/search-page-12
FRENCH'S,Tomato Ketchup,1 L,"$4.69
 ea.",,$0.47 /100ml,,,https://product-images.metro.ca/images/h1e/h0a/10918224691230.jpg,https://www.metro.ca/en/online-grocery/search-page-12
LACTANTIA,"1% Milk, PurFiltre",1 L,"$2.99
 ea.",,$0.30 /100ml,"Regular price
$3.69  ea.","Valid until Feb 14, 2024",,https://www.metro.ca/en/online-grocery/search-page-12
,Goldenberries,200 g,"$4.99
 ea.",,$2.50 /100g,,,https://product-images.metro.ca/images/h66/he6/9265223434270.jpg,https://www.metro.ca/en/online-grocery/search-page-12
KRAFT,Smooth Peanut Butter,500 g,"$5.49
 ea.",,$1.10 /100g,,,https://product-images.metro.ca/images/hdf/had/9986680881182.jpg,https://www.metro.ca/en/online-grocery/search-page-12
IRRESISTIBLES,"Angus Roast Beef, Artisan",,"$4.79
 / 100 g",,$47.90 /kg$21.73 /lb.,,,,https://www.metro.ca/en/online-grocery/search-page-12
,Bartlett Pear,,"$1.05
 avg. ea.",(160 g avg.),$6.59 /kg$2.99 /lb.,,,https://product-images.metro.ca/images/h1d/hdb/8872799862814.jpg,https://www.metro.ca/en/online-grocery/search-page-12
,Hothouse Living Boston Lettuce In A Dome,1 un,"2 / 
$5.00",,$2.50 /un.,"Regular price
$2.99  ea.","Valid until Jan 10, 2024",https://product-images.metro.ca/images/hc6/ha4/11374833926174.jpg,https://www.metro.ca/en/online-grocery/search-page-12
MCCAIN,"Frozen 5 Minute Shoestring Fries, Superfries",650 g,"$5.49
 ea.",,$0.84 /100g,"Regular price
$5.99  ea.","Valid until Feb 14, 2024",,https://www.metro.ca/en/online-grocery/search-page-12
,Baby-Cut Carrots For Cooking,340 g,"$3.99
 ea.",,$1.17 /100g,,,https://product-images.metro.ca/images/h69/h73/8858932707358.jpg,https://www.metro.ca/en/online-grocery/search-page-12
,Smoked Pork Shoulder Picnic,,"$60.50
 avg. ea.","(5,500 g avg.)",$11.00 /kg$4.99 /lb.,"Regular price
$12.76  avg. kg","Valid until Jan 17, 2024",https://product-images.metro.ca/images/heb/h92/11521069973534.jpg,https://www.metro.ca/en/online-grocery/search-page-12
,Fresh Steelhead Trout Fillet,,"$8.37
 avg. ea.",(200 g avg.),$41.87 /kg$18.99 /lb.,,,https://product-images.metro.ca/images/h61/hc2/8886310666270.jpg,https://www.metro.ca/en/online-grocery/search-page-13
MOTT'S,"Original Vegetable Juice, Garden Cocktail",945 mL,"$2.99
 ea.",,$0.32 /100ml,,,,https://www.metro.ca/en/online-grocery/search-page-13
SILK,Unsweetened Vanilla Flavoured Almond Plant-Based Bev...,1.89 L,"$4.79
 ea.",,$0.25 /100ml,"Regular price
$5.69  ea.","Valid until Feb 14, 2024",,https://www.metro.ca/en/online-grocery/search-page-13
SELECTION,7" Flour Tortillas,10 un,"2 / 
$7.00",,$1.03 /100g,"Regular price
$4.19  ea.","Valid until Jan 10, 2024",,https://www.metro.ca/en/online-grocery/search-page-13
KRAFT,Sun-Dried Tomato & Oregano Dressing,475 mL,"$4.49
 ea.",,$0.95 /100ml,,,https://product-images.metro.ca/images/h8e/h60/12174883422238.jpg,https://www.metro.ca/en/online-grocery/search-page-13
SENSIBLE PORTIONS,Original Veggie Straws,142 g,"$3.19
 ea.",,$2.25 /100g,"Regular price
$4.19  ea.","Valid until Jan 24, 2024",https://product-images.metro.ca/images/hd8/h67/9061894881310.jpg,https://www.metro.ca/en/online-grocery/search-page-13
IRRESISTIBLES,Dark Maple Syrup,540 mL,"$9.99
 ea.",,$1.85 /100ml,,,https://product-images.metro.ca/images/h1f/hc5/11521114406942.jpg,https://www.metro.ca/en/online-grocery/search-page-13
IRRESISTIBLES,Lime And Black Pepper Old-Fashioned Chips,150 g,"$2.99
 ea.",,$1.99 /100g,,,https://product-images.metro.ca/images/h69/ha7/9704101773342.jpg,https://www.metro.ca/en/online-grocery/search-page-13
SELECTION,35% Whipping Cream,473 mL,"$5.49
 ea.",,$1.16 /100ml,,,https://product-images.metro.ca/images/h67/had/9773779353630.jpg,https://www.metro.ca/en/online-grocery/search-page-13
PRINGLES,Original Potato Chips,148 g,"$3.99
 ea.",,$2.70 /100g,,,https://product-images.metro.ca/images/h91/he6/10250272800798.jpg,https://www.metro.ca/en/online-grocery/search-page-13
AURORA,"Strained Crushed Tomatoes, Passata Di Pomodoro",660 mL,"$3.29
 ea.",,$0.50 /100ml,,,,https://www.metro.ca/en/online-grocery/search-page-13
IRRESISTIBLES,3 Cheese & Roasted Onion Old-Fashioned Chips,150 g,"$2.99
 ea.",,$1.99 /100g,,,https://product-images.metro.ca/images/h8f/h05/9704099315742.jpg,https://www.metro.ca/en/online-grocery/search-page-13
LIPTON,Chicken Noodle Soup Mix,4 un,"$3.99
 ea.",,$1.00 /un.,,,https://product-images.metro.ca/images/h72/h96/11381611692062.jpg,https://www.metro.ca/en/online-grocery/search-page-13
SELECTION,Salt And Vinegar Chips,200 g,"2 / 
$4.00",,$1.00 /100g,"Regular price
$2.79  ea.","Valid until Jan 24, 2024",https://product-images.metro.ca/images/h13/h8b/10200530452510.jpg,https://www.metro.ca/en/online-grocery/search-page-13
SELECTION,10% Coffee Cream,473 mL,"$2.99
 ea.",,$0.63 /100ml,"Regular price
$4.19  ea.","Valid until Jan 10, 2024",https://product-images.metro.ca/images/he0/hc0/9773779484702.jpg,https://www.metro.ca/en/online-grocery/search-page-13
METROGO!,In-Store Cooked Lobster,1-1.25 lb,"$25.85
 avg. ea.",(510 g avg.),$50.68 /kg$22.99 /lb.,,,https://product-images.metro.ca/images/hdb/hf8/11869266640926.jpg,https://www.metro.ca/en/online-grocery/search-page-13
7UP,Soft Drink,15x355 mL,"$6.98
 ea.",,$0.16 /100ml,"Regular price
$7.99  ea.","Valid until Jan 10, 2024",https://product-images.metro.ca/images/hb6/h29/11994759069726.jpg,https://www.metro.ca/en/online-grocery/search-page-13
MOTT'S,"The Original Tomato Clam Cocktail, Clamato",1.89 L,"$4.79
 ea.",,$0.25 /100ml,"Regular price
$5.49  ea.","Valid until Jan 24, 2024",,https://www.metro.ca/en/online-grocery/search-page-13
CEDAR,Chick Peas,540 mL,"$1.99
 ea.",,$0.37 /100ml,"Regular price
$2.79  ea.","Valid until Jan 24, 2024",https://product-images.metro.ca/images/h3a/hc5/11590622642206.jpg,https://www.metro.ca/en/online-grocery/search-page-13
QUÉBON,"10% Coffee Cream, Ultra'Cream",473 mL,"$3.49
 ea.",,$0.74 /100ml,"Regular price
$4.49  ea.","Valid until Feb 14, 2024",,https://www.metro.ca/en/online-grocery/search-page-13
IRRESISTIBLES,Fresh Mint,21 g,"$2.99
 ea.",,$2.99 /un.,,,https://product-images.metro.ca/images/hf0/hdb/8959507103774.jpg,https://www.metro.ca/en/online-grocery/search-page-13
,6" White Submarine Rolls,6x71 g,"$4.99
 ea.",,$1.17 /100g,,,,https://www.metro.ca/en/online-grocery/search-page-13
TOSTITOS,"Multigrain Tortilla Chips, Rounds",270 g,"2 / 
$8.50",,or $4.99 ea. $1.57 /100g,,"Valid until Jan 24, 2024",,https://www.metro.ca/en/online-grocery/search-page-13
,Lemon,Sold individually,"4 / 
$5.00",,$1.25 /un.,,,https://product-images.metro.ca/images/h91/h15/11521108770846.jpg,https://www.metro.ca/en/online-grocery/search-page-13
PHILADELPHIA,"Original Cream Cheese, Whipped",227 g,"$6.49
 ea.",,$2.86 /100g,,,,https://www.metro.ca/en/online-grocery/search-page-13
,Grain Fed Veal Liver Slices,5 kg,"$8.59
 avg. ea.",(300 g avg.),$28.64 /kg$12.99 /lb.,,,https://product-images.metro.ca/images/h7e/h14/9185827160094.jpg,https://www.metro.ca/en/online-grocery/search-page-13
SELECTION,Ketchup Flavoured Chips,200 g,"2 / 
$4.00",,$1.00 /100g,"Regular price
$2.79  ea.","Valid until Jan 24, 2024",https://product-images.metro.ca/images/h1a/h01/10200530386974.jpg,https://www.metro.ca/en/online-grocery/search-page-13
REDPATH,Icing Sugar,1 kg,"$2.99
 ea.",,$0.30 /100g,"Regular price
$5.29  ea.","Valid until Feb 7, 2024",https://product-images.metro.ca/images/h9d/h82/11333023399966.jpg,https://www.metro.ca/en/online-grocery/search-page-13
,"Lean Ground Grain-Fed Veal, Value Pack",A tray contains on average 800 g,"$16.95
 / 1000 g",,$16.95 /kg$7.69 /lb.,,,https://product-images.metro.ca/images/h2a/h57/8886536241182.jpg,https://www.metro.ca/en/online-grocery/search-page-13
,Julienned Carrots,284 g,"$2.69
 ea.",,$0.95 /100g,,,https://product-images.metro.ca/images/he2/h3b/9530252591134.jpg,https://www.metro.ca/en/online-grocery/search-page-13
SELECTION,Marshmallows,454 g,"$3.99
 ea.",,$0.88 /100g,,,https://product-images.metro.ca/images/ha1/hbc/9557757820958.jpg,https://www.metro.ca/en/online-grocery/search-page-13
CAMPBELL'S,Tomato Condensed Soup,284 mL,"$1.79
 ea.",,$0.63 /100ml,"Regular price
$2.49  ea.","Valid until Jan 24, 2024",https://product-images.metro.ca/images/h94/hd0/10421690040350.jpg,https://www.metro.ca/en/online-grocery/search-page-14
ST-HUBERT,Hot Chicken Sandwich Homestyle Gravy,398 mL,"$2.69
 ea.",,$0.68 /100ml,,,https://product-images.metro.ca/images/h93/h5a/10239136759838.jpg,https://www.metro.ca/en/online-grocery/search-page-14
BEATRICE,1% Milk,2 L,"$4.09
 ea.",,$0.20 /100ml,,,https://product-images.metro.ca/images/ha1/h45/12230527844382.jpg,https://www.metro.ca/en/online-grocery/search-page-14
CADBURY,"Chocolate Bar, Caramilk",50 g,"$1.69
 ea.",,$3.38 /100g,,,,https://www.metro.ca/en/online-grocery/search-page-14
KRAFT,"Sun-Dried Tomato & Oregano Dressing, Calorie Wise",475 mL,"$4.49
 ea.",,$0.95 /100ml,,,,https://www.metro.ca/en/online-grocery/search-page-14
IRRESISTIBLES,Frozen Raspberries,400 g,"3 / 
$16.99",,or $6.99 ea. $1.42 /100g,,"Valid until Feb 14, 2024",https://product-images.metro.ca/images/h41/h49/11521036976158.jpg,https://www.metro.ca/en/online-grocery/search-page-14
,"Ribsteaks, Value Pack",3 steaks per tray,"$58.01
 avg. ea.","(1,350 g avg.)",$42.97 /kg$19.49 /lb.,,,https://product-images.metro.ca/images/h95/h15/8886607446046.jpg,https://www.metro.ca/en/online-grocery/search-page-14
,"Inside Round Beef Tournedos, Value Pack",6 tournedos per tray,"$24.89
 avg. ea.","(1,000 g avg.)",$24.89 /kg$11.29 /lb.,,,https://product-images.metro.ca/images/hd7/hce/8886582116382.jpg,https://www.metro.ca/en/online-grocery/search-page-14
POM,Medium Size Flour Tortillas,10 un,"2 / 
$8.00",,or $4.99 ea. $1.18 /100g,,"Valid until Feb 7, 2024",https://product-images.metro.ca/images/h15/h88/11412538654750.jpg,https://www.metro.ca/en/online-grocery/search-page-14
PURINA ONE,Lamb And Rice Dry Dog Food,1.81 kg,"$11.99
 ea.",,$0.66 /100g,"Regular price
$12.99  ea.","Valid until Jan 10, 2024",https://product-images.metro.ca/images/h3a/h5c/11492920066078.jpg,https://www.metro.ca/en/online-grocery/search-page-14
GATTUSO,Original Pizza Sauce,213 mL,"$2.19
 ea.",,$1.03 /100ml,,,https://product-images.metro.ca/images/h66/h17/9986978775070.jpg,https://www.metro.ca/en/online-grocery/search-page-14
DOLE,Garden Salad,340 g,"$3.99
 ea.",,$1.17 /100g,,,https://product-images.metro.ca/images/ha8/h3a/10053810290718.jpg,https://www.metro.ca/en/online-grocery/search-page-14
VILLAGGIO,"Sausage Buns, Toscana",6 un,"$4.99
 ea.",,$0.83 /un.,,,,https://www.metro.ca/en/online-grocery/search-page-14
DR. OETKER,"Frozen Spinach Thin Crust Pizza, Ristorante",390 g,"$6.99
 ea.",,$1.79 /100g,"Regular price
$7.49  ea.","Valid until Feb 14, 2024",,https://www.metro.ca/en/online-grocery/search-page-14
QUÉBON,"35% Country Style Cream, Ultra'Cream",473 mL,"$5.69
 ea.",,$1.20 /100ml,,,,https://www.metro.ca/en/online-grocery/search-page-14
NUTELLA,Hazelnut Spread With Cocoa,725 g,"$8.49
 ea.",,$1.17 /100g,,,https://product-images.metro.ca/images/h07/h30/11477851078686.jpg,https://www.metro.ca/en/online-grocery/search-page-14
,Inside Round Beef Tournedos,2 tournedos per tray,"$9.40
 avg. ea.",(350 g avg.),$26.87 /kg$12.19 /lb.,,,https://product-images.metro.ca/images/h92/h57/8886562095134.jpg,https://www.metro.ca/en/online-grocery/search-page-14
FRESH ATTITUDE,Organic Arugula,142 g,"$5.99
 ea.",,$4.22 /100g,,,https://product-images.metro.ca/images/h99/hb5/11883370905630.jpg,https://www.metro.ca/en/online-grocery/search-page-14
SELECTION,Spaghettini,900 g,"$1.47
 ea.",,$0.16 /100g,"Regular price
$2.99  ea.","Valid until Jan 10, 2024",https://product-images.metro.ca/images/h92/h8d/10402324283422.jpg,https://www.metro.ca/en/online-grocery/search-page-14
LAFLEUR,Pork And Beef Sausages,10 sausages - 375 g,"$6.29
 ea.",,$1.68 /100g,,,https://product-images.metro.ca/images/h33/hd2/9999240560670.jpg,https://www.metro.ca/en/online-grocery/search-page-14
PHILADELPHIA,Light Cream Cheese,227 g,"$6.49
 ea.",,$2.86 /100g,,,https://product-images.metro.ca/images/hfe/h91/11574079586334.jpg,https://www.metro.ca/en/online-grocery/search-page-14
HYGRADE,Smoked Cocktail Wieners,225 g,"2 / 
$7.00",,$1.56 /100g,"Regular price
$3.99  ea.","Valid until Jan 17, 2024",https://product-images.metro.ca/images/h8a/h06/11449490702366.jpg,https://www.metro.ca/en/online-grocery/search-page-14
LACTANTIA,"Unsalted Cultured Butter Sticks, My Country",454 g,"$9.19
 ea.",,$2.02 /100g,,,,https://www.metro.ca/en/online-grocery/search-page-14
HUMPTY DUMPTY,Cheese Sticks,265 g,"$4.99
 ea.",,$1.88 /100g,,,https://product-images.metro.ca/images/h87/h10/11133604593694.jpg,https://www.metro.ca/en/online-grocery/search-page-14
,Red Potatoes,3 lb,"$2.99
 ea.",,$0.22 /100g,,,https://product-images.metro.ca/images/hb2/h1c/9222206029854.jpg,https://www.metro.ca/en/online-grocery/search-page-14
DOLE,Caesar Salad Kit,215 g,"$5.99
 ea.",,$2.77 /100g,,,https://product-images.metro.ca/images/hae/hec/11511532847134.jpg,https://www.metro.ca/en/online-grocery/search-page-14
POM,Ultra-Soft™ Whole Wheat Sliced Bread,675 g,"3 / 
$9.47",,or $4.49 ea. $0.47 /100g,,"Valid until Jan 10, 2024",https://product-images.metro.ca/images/h6b/h86/11412545503262.jpg,https://www.metro.ca/en/online-grocery/search-page-14
SELECTION,"Shredded 3-Cheese Blend, Tex Mex",320 g,"$5.99
 ea.",,$1.87 /100g,"Regular price
$7.49  ea.","Valid until Feb 14, 2024",,https://www.metro.ca/en/online-grocery/search-page-14
ALCAN,Aluminum Foil,15.24 m,"$4.49
 ea.",,$4.49 /un.,"Regular price
$5.79  ea.","Valid until Feb 7, 2024",https://product-images.metro.ca/images/hc0/hd4/12210120228894.jpg,https://www.metro.ca/en/online-grocery/search-page-14
SELECTION,White Vinegar,4 L,"$3.49
 ea.",,$0.09 /100ml,"Regular price
$3.99  ea.","Valid until Feb 7, 2024",https://product-images.metro.ca/images/he3/h1d/11205009899550.jpg,https://www.metro.ca/en/online-grocery/search-page-14
HUNT'S,Original Tomato Sauce,680 mL,"$3.29
 ea.",,$0.48 /100ml,,,https://product-images.metro.ca/images/h1f/h79/12210146443294.jpg,https://www.metro.ca/en/online-grocery/search-page-14
SELECTION,Bagels With Sesame Seeds,6 un - 510 g,"$4.49
 ea.",,$0.88 /100g,,,https://product-images.metro.ca/images/h84/h2d/8859812397086.jpg,https://www.metro.ca/en/online-grocery/search-page-14
SELECTION,All Dressed Chips,200 g,"2 / 
$4.00",,$1.00 /100g,"Regular price
$2.79  ea.","Valid until Jan 24, 2024",https://product-images.metro.ca/images/hd0/h96/10200390139934.jpg,https://www.metro.ca/en/online-grocery/search-page-15
SELECTION,Vanilla Ice Cream Sandwiches,12x120 mL,"$6.29
 ea.",,$0.44 /100ml,,,https://www.metro.ca/images/shared/placeholders/icon-no-picture.svg?v=2023.71.1.d1,https://www.metro.ca/en/online-grocery/search-page-15
BON MATIN,14 Grains Sliced Bread,595 g,"2 / 
$8.88",,or $5.09 ea. $0.75 /100g,,"Valid until Jan 10, 2024",https://product-images.metro.ca/images/he8/h9b/11094883926046.jpg,https://www.metro.ca/en/online-grocery/search-page-15
,Bosc Pear,,"$1.12
 avg. ea.",(170 g avg.),$6.59 /kg$2.99 /lb.,,,https://product-images.metro.ca/images/h4e/h2c/8833623457822.jpg,https://www.metro.ca/en/online-grocery/search-page-15
FANTINO & MONDELLO,Spicy Calabrese Salametti,175 g,"$7.49
 ea.",,$4.28 /100g,"Regular price
$7.99  ea.","Valid until Jan 17, 2024",https://product-images.metro.ca/images/hc4/h18/11937268924446.jpg,https://www.metro.ca/en/online-grocery/search-page-15
,Boneless Rib End Pork Loin Roast,,"$18.71
 avg. ea.","(1,250 g avg.)",$14.97 /kg$6.79 /lb.,,,https://product-images.metro.ca/images/h03/h43/8886560325662.jpg,https://www.metro.ca/en/online-grocery/search-page-15
SELECTION,Low-Sodium Tomato Paste,156 mL,"$1.00
 ea.",,$0.64 /100ml,"Regular price
$1.19  ea.","Valid until Jan 24, 2024",https://product-images.metro.ca/images/h72/hd8/9519036006430.jpg,https://www.metro.ca/en/online-grocery/search-page-15
CAMPBELL'S,Reduced Salt Ready-To-Use Chicken Broth,900 mL,"$2.99
 ea.",,$0.33 /100ml,,,https://product-images.metro.ca/images/h47/hf6/11068795125790.jpg,https://www.metro.ca/en/online-grocery/search-page-15
VILLAGGIO,"Thick Sliced White Bread, Artesano",600 g,"2 / 
$7.49",,or $4.59 ea. $0.62 /100g,,"Valid until Jan 10, 2024",,https://www.metro.ca/en/online-grocery/search-page-15
STELLA ARTOIS,Belgian Blonde Lager Beer,6x330 mL - bottles,"3 / 
$35.97",,or $14.49 ea. $0.61 /100ml,"Regular price
$15.49  ea.","Valid until Feb 7, 2024",https://product-images.metro.ca/images/hfd/hb9/9742641463326.jpg,https://www.metro.ca/en/online-grocery/search-page-15
BECEL,Original Margarine,427 g,"$4.99
 ea.",,$1.10 /100g,"Regular price
$5.49  ea.","Valid until Feb 14, 2024",https://product-images.metro.ca/images/hab/h94/12174857994270.jpg,https://www.metro.ca/en/online-grocery/search-page-15
NESCAFÉ,"Instant Coffee, Rich",170 g,"$8.49
 ea.",,$4.99 /100g,,,,https://www.metro.ca/en/online-grocery/search-page-15
WONDERFUL,Roasted Unsalted Pistachios,225 g,"$7.99
 ea.",,$3.55 /100g,,,https://product-images.metro.ca/images/h05/h60/9633839022110.jpg,https://www.metro.ca/en/online-grocery/search-page-15
VILLAGGIO,"Hamburger Buns, Toscana",8 un,"$4.99
 ea.",,$0.62 /un.,,,,https://www.metro.ca/en/online-grocery/search-page-15
CAT CHOW,"Chicken Dry Food For Adult Indoor Cats, Indoor",3.2 g,"$15.99
 ea.",,$0.50 /100g,"Regular price
$17.49  ea.","Valid until Jan 10, 2024",,https://www.metro.ca/en/online-grocery/search-page-15
,Bag Of Rutabaga,5 lb,"$6.99
 ea.",,$0.31 /100g,,,https://product-images.metro.ca/images/hf6/h85/8889301762078.jpg,https://www.metro.ca/en/online-grocery/search-page-15
,Bag Of Beets,5 lb,"$5.99
 ea.",,$0.26 /100g,,,https://product-images.metro.ca/images/h2a/hea/8889376604190.jpg,https://www.metro.ca/en/online-grocery/search-page-15
SUNRISE,Extra Firm Tofu,350 g,"$3.99
 ea.",,$1.14 /100g,,,https://product-images.metro.ca/images/h25/hdd/9490880495646.jpg,https://www.metro.ca/en/online-grocery/search-page-15
FRESH ATTITUDE,San Marino Salad Mix,142 g,"2 / 
$5.00",,$1.76 /100g,"Regular price
$4.99  ea.","Valid until Jan 10, 2024",https://product-images.metro.ca/images/h43/hf9/11883404623902.jpg,https://www.metro.ca/en/online-grocery/search-page-15
IRRESISTIBLES,"Whole Kernel Corn, Life Smart",341 mL,"$2.29
 ea.",,$0.67 /100ml,,,,https://www.metro.ca/en/online-grocery/search-page-15
PHILADELPHIA,Herb & Garlic Cream Cheese,227 g,"$6.49
 ea.",,$2.86 /100g,,,https://product-images.metro.ca/images/h6c/h3f/9986814443550.jpg,https://www.metro.ca/en/online-grocery/search-page-15
ROBIN HOOD,All-Purpose Flour,2.5 kg,"$6.49
 ea.",,$0.26 /100g,"Regular price
$7.49  ea.","Valid until Feb 7, 2024",https://product-images.metro.ca/images/ha8/h9a/10475412258846.jpg,https://www.metro.ca/en/online-grocery/search-page-15
,"Apple, Red Delicious",,"$1.17
 avg. ea.",(190 g avg.),$6.15 /kg$2.79 /lb.,,,,https://www.metro.ca/en/online-grocery/search-page-15
BEATRICE,14% Sour Cream,500 mL,"$3.99
 ea.",,$0.80 /100ml,"Regular price
$4.69  ea.","Valid until Feb 14, 2024",https://product-images.metro.ca/images/h06/h21/11157663547422.jpg,https://www.metro.ca/en/online-grocery/search-page-15
ST-MÉTHODE,Multi-Cereal Sliced Bread,500 g,"2 / 
$8.78",,or $5.39 ea. $0.88 /100g,,"Valid until Jan 10, 2024",https://product-images.metro.ca/images/h5a/h42/10399663915038.jpg,https://www.metro.ca/en/online-grocery/search-page-15
FRESH ATTITUDE,Caesar Salad Mix With Toppings,427 g,"$8.99
 ea.",,$2.11 /100g,,,https://product-images.metro.ca/images/h03/h50/9533144760350.jpg,https://www.metro.ca/en/online-grocery/search-page-15
CATELLI,"Spaghettini, Classic",500 g,"$2.99
 ea.",,$0.60 /100g,,,,https://www.metro.ca/en/online-grocery/search-page-15
PLANTERS,Delicately Seasoned Dry Roasted Peanuts,454 g,"$5.99
 ea.",,$1.32 /100g,,,https://product-images.metro.ca/images/h26/h16/12174871035934.jpg,https://www.metro.ca/en/online-grocery/search-page-15
,Large Navel Orange,Sold individually,"$0.99
 ea.",(200 ea. avg.),$0.99 /un.,"Regular price
$1.59  ea.","Valid until Jan 10, 2024",https://product-images.metro.ca/images/hba/h86/8874236280862.jpg,https://www.metro.ca/en/online-grocery/search-page-15
KRAFT,"Turkey Stuffing Mix, Stove Top",120 g,"$2.99
 ea.",,$2.49 /100g,"Regular price
$3.49  ea.","Valid until Jan 24, 2024",,https://www.metro.ca/en/online-grocery/search-page-15
METROGO!,Pollock And Shrimp Salad,,"$5.51
 avg. ea.",(250 g avg.),$22.02 /kg$9.99 /lb.,"Regular price
$6.06  avg. ea.","Valid until Jan 10, 2024",https://product-images.metro.ca/images/hd6/hcc/8900513890334.jpg,https://www.metro.ca/en/online-grocery/search-page-15
UNISOYA,Regular Extra Firm Tofu,454 g,"$3.99
 ea.",,$0.88 /100g,,,https://product-images.metro.ca/images/h7e/h02/10946112618526.jpg,https://www.metro.ca/en/online-grocery/search-page-15
,Plantain,,"$1.48
 avg. ea.",(225 g avg.),$6.59 /kg$2.99 /lb.,,,https://product-images.metro.ca/images/h2b/h54/8833630732318.jpg,https://www.metro.ca/en/online-grocery/search-page-15
AYLMER,Tomato Condensed Soup With 40% Less Sodium,284 mL,"2 / 
$2.22",,$0.39 /100ml,"Regular price
$1.39  ea.","Valid until Jan 10, 2024",https://product-images.metro.ca/images/h5f/h68/10777070829598.jpg,https://www.metro.ca/en/online-grocery/search-page-16
CATELLI,"Lasagna Pasta, Classic",500 g,"$3.79
 ea.",,$0.76 /100g,"Regular price
$4.69  ea.","Valid until Jan 24, 2024",,https://www.metro.ca/en/online-grocery/search-page-16
LIBERTÉ,"0% Plain Yogurt, Greek",750 g,"$5.97
 ea.",,$0.80 /100g,"Regular price
$8.29  ea.","Valid until Jan 10, 2024",,https://www.metro.ca/en/online-grocery/search-page-16
FRESH ATTITUDE,San Marino Salad Mix,312 g,"$6.99
 ea.",,$2.24 /100g,,,https://product-images.metro.ca/images/h7f/hd8/11883379490846.jpg,https://www.metro.ca/en/online-grocery/search-page-16
FANTINO&MONDELLO,Cooked Black Pepper Pancetta,125 g,"$7.49
 ea.",,$5.99 /100g,,,https://product-images.metro.ca/images/ha1/h30/11937266991134.jpg,https://www.metro.ca/en/online-grocery/search-page-16
KELLOGG'S,"Original Waffles, Eggo",280 g,"$3.99
 ea.",,$1.42 /100g,"Regular price
$4.79  ea.","Valid until Feb 14, 2024",,https://www.metro.ca/en/online-grocery/search-page-16
IRRESISTIBLES,"BBQ Flavoured Old-Fashioned Chips, Thick Cut",150 g,"$2.99
 ea.",,$1.99 /100g,,,,https://www.metro.ca/en/online-grocery/search-page-16
PRIMO,Spaghettini,900 g,"$2.99
 ea.",,$0.33 /100g,"Regular price
$3.79  ea.","Valid until Jan 24, 2024",https://product-images.metro.ca/images/hf0/h7f/11511553327134.jpg,https://www.metro.ca/en/online-grocery/search-page-16
POM,Large Flour Tortillas,10 un,"$5.79
 ea.",,$0.95 /100g,,,https://product-images.metro.ca/images/hb8/hbd/11412531970078.jpg,https://www.metro.ca/en/online-grocery/search-page-16
KRAFT,Creamy Poppyseed Dressing,475 mL,"$4.49
 ea.",,$0.95 /100ml,,,https://product-images.metro.ca/images/hef/h1f/12196751769630.jpg,https://www.metro.ca/en/online-grocery/search-page-16
SILK,Almond Plant-Based Beverage,1.89 L,"$4.79
 ea.",,$0.25 /100ml,"Regular price
$5.69  ea.","Valid until Feb 14, 2024",https://product-images.metro.ca/images/h3e/h33/10087367180318.jpg,https://www.metro.ca/en/online-grocery/search-page-16
VILLAGGIO,"Thick Sliced White Bread With Sesame Seeds, Italian ...",675 g,"2 / 
$7.49",,or $4.59 ea. $0.55 /100g,,"Valid until Jan 10, 2024",,https://www.metro.ca/en/online-grocery/search-page-16
HELLMANN'S,Mayonnaise,445 mL,"$5.29
 ea.",,$1.19 /100ml,,,https://product-images.metro.ca/images/h25/h11/11344185262110.jpg,https://www.metro.ca/en/online-grocery/search-page-16
NATREL,"1% Milk, Fine-Filtered",1 L,"$2.99
 ea.",,$0.30 /100ml,"Regular price
$3.69  ea.","Valid until Feb 14, 2024",,https://www.metro.ca/en/online-grocery/search-page-16
NABOB,Tradition Ground Coffee,930 g,"$19.99
 ea.",,$2.15 /100g,,,https://product-images.metro.ca/images/h60/h51/9986886828062.jpg,https://www.metro.ca/en/online-grocery/search-page-16
,Pepper Steak,,"$5.70
 avg. ea.",(225 g avg.),$25.33 /kg$11.49 /lb.,"Regular price
$26.87  avg. kg","Valid until Jan 10, 2024",https://product-images.metro.ca/images/hb8/h94/8886411755550.jpg,https://www.metro.ca/en/online-grocery/search-page-16
BELLE GROVE,Organic Whole White Mushrooms,227 g,"2 / 
$3.00",,$0.66 /100g,"Regular price
$2.99  ea.","Valid until Jan 10, 2024",https://product-images.metro.ca/images/h4e/h65/9194234740766.jpg,https://www.metro.ca/en/online-grocery/search-page-16
FRENCH'S,"Prepared Mustard, Classic Yellow",550 mL,"$3.99
 ea.",,$0.73 /100ml,,,,https://www.metro.ca/en/online-grocery/search-page-16
NUTELLA,Hazelnut Spread With Cocoa,375 g,"$5.49
 ea.",,$1.46 /100g,,,https://product-images.metro.ca/images/h62/h46/11761496653854.jpg,https://www.metro.ca/en/online-grocery/search-page-16
SELECTION,"Shredded 4-Cheese Blend, Italiano",320 g,"$5.99
 ea.",,$1.87 /100g,"Regular price
$7.49  ea.","Valid until Feb 14, 2024",,https://www.metro.ca/en/online-grocery/search-page-16
PRINGLES,"Original Flavour Chips, Party Stack",194 g,"2 / 
$7.00",,$1.80 /100g,"Regular price
$4.79  ea.","Valid until Jan 24, 2024",,https://www.metro.ca/en/online-grocery/search-page-16
FONTAINE SANTÉ,Traditional Hummus,260 g,"2 / 
$7.00",,or $4.99 ea. $1.35 /100g,"Regular price
$5.29  ea.","Valid until Jan 10, 2024",https://product-images.metro.ca/images/h7d/h02/11133433413662.jpg,https://www.metro.ca/en/online-grocery/search-page-16
COLAVITA,Extra Virgin Olive Oil,1 L,"$23.49
 ea.",,$2.35 /100ml,,,https://product-images.metro.ca/images/h7a/h0c/12050730156062.jpg,https://www.metro.ca/en/online-grocery/search-page-16
SELECTION,10" Flour Tortillas,6 un,"$4.99
 ea.",,$1.11 /100g,,,,https://www.metro.ca/en/online-grocery/search-page-16
MASTRO,Extra Virgin Olive Oil,1 L,"$25.99
 ea.",,$2.60 /100ml,,,https://product-images.metro.ca/images/ha8/h34/11386200653854.jpg,https://www.metro.ca/en/online-grocery/search-page-16
FRESH ATTITUDE,Baby Kale Blend,142 g,"2 / 
$5.00",,$1.76 /100g,"Regular price
$4.99  ea.","Valid until Jan 10, 2024",https://product-images.metro.ca/images/h3c/h99/11883378540574.jpg,https://www.metro.ca/en/online-grocery/search-page-16
KNORR,"Onion Soup Mix, Recipe",4 un,"$3.99
 ea.",,$1.00 /un.,,,,https://www.metro.ca/en/online-grocery/search-page-16
FRESH ATTITUDE,Organic Baby Spinach,283 g,"$8.99
 ea.",,$3.18 /100g,,,https://product-images.metro.ca/images/h57/hf2/12191651037214.jpg,https://www.metro.ca/en/online-grocery/search-page-16
LACTANTIA,15% Cooking Cream,473 mL,"$4.49
 ea.",,$0.95 /100ml,,,https://product-images.metro.ca/images/h99/hb8/11307064131614.jpg,https://www.metro.ca/en/online-grocery/search-page-16
SELECTION,Canola Oil,946 mL,"$6.29
 ea.",,$0.66 /100ml,,,https://product-images.metro.ca/images/hc9/he8/11521158250526.jpg,https://www.metro.ca/en/online-grocery/search-page-16
GRANDMA,Fancy Molasses,675 g,"$4.49
 ea.",,$0.67 /100g,"Regular price
$5.49  ea.","Valid until Jan 24, 2024",https://product-images.metro.ca/images/hff/h98/12174882766878.jpg,https://www.metro.ca/en/online-grocery/search-page-16
ST-HUBERT,25% Less Salt BBQ Sauce,398 mL,"$2.69
 ea.",,$0.68 /100ml,,,https://product-images.metro.ca/images/h0c/hd0/10239139807262.jpg,https://www.metro.ca/en/online-grocery/search-page-16
MARC ANGELO,Antipasto Misto,100 g,"$8.49
 ea.",,$8.49 /100g,,,https://product-images.metro.ca/images/hb3/hde/9529877168158.jpg,https://www.metro.ca/en/online-grocery/search-page-16
FRESH ATTITUDE,Caesar Salad Mix With Toppings,175 g,"$6.99
 ea.",,$3.99 /100g,,,https://product-images.metro.ca/images/hda/h2b/9751029547038.jpg,https://www.metro.ca/en/online-grocery/search-page-17
CAMPBELL'S,Condensed Chicken Noodle Soup,284 mL,"$1.79
 ea.",,$0.63 /100ml,"Regular price
$2.49  ea.","Valid until Jan 24, 2024",https://product-images.metro.ca/images/h78/h2a/11849364439070.jpg,https://www.metro.ca/en/online-grocery/search-page-17
PHILADELPHIA,"Chive Cream Cheese, Whipped",227 g,"$6.49
 ea.",,$2.86 /100g,,,,https://www.metro.ca/en/online-grocery/search-page-17
KELLOGG'S,"Cereal, Two Scoops Raisin Bran",425 g,"$4.49
 ea.",,$1.06 /100g,"Regular price
$6.49  ea.","Valid until Jan 10, 2024",,https://www.metro.ca/en/online-grocery/search-page-17
BARISTA,Dark Roast Ground Coffee,875 g,"$22.99
 ea.",,$2.63 /100g,,,https://product-images.metro.ca/images/hd5/h6f/11467662688286.jpg,https://www.metro.ca/en/online-grocery/search-page-17
,Basil In A Pot,1 un,"$5.99
 ea.",,$0.40 /un.,,,https://product-images.metro.ca/images/h62/h88/11511569350686.jpg,https://www.metro.ca/en/online-grocery/search-page-17
ST-MÉTHODE,"Sesame And Oat Bread Loaf, Campagnolo",650 g,"$5.39
 ea.",,$0.83 /100g,,,,https://www.metro.ca/en/online-grocery/search-page-17
VACHON,Mille Feuilles Flaky Pastries,"6 pastries, 291 g","3 / 
$10.97",,or $4.99 ea. $0.61 /un.,"Regular price
$5.29  ea.","Valid until Jan 10, 2024",https://product-images.metro.ca/images/h9f/h31/10893959626782.jpg,https://www.metro.ca/en/online-grocery/search-page-17
HELLMANN'S,Reduced Fat Light Mayonnaise Type Dressing,890 mL,"$6.99
 ea.",,$0.79 /100ml,"Regular price
$8.49  ea.","Valid until Jan 24, 2024",https://product-images.metro.ca/images/h95/hf7/11344183263262.jpg,https://www.metro.ca/en/online-grocery/search-page-17
STARBUCKS,Salted Caramel Flavoured Hot Chocolate,300 g,"$8.99
 ea.",,$3.00 /100g,"Regular price
$9.99  ea.","Valid until Feb 7, 2024",https://product-images.metro.ca/images/h94/h75/12266681892894.jpg,https://www.metro.ca/en/online-grocery/search-page-17
ST-MÉTHODE,"9 Whole Grains Sliced Italian Bread, Campagnolo",570 g,"$5.39
 ea.",,$0.95 /100g,,,,https://www.metro.ca/en/online-grocery/search-page-17
CARNATION,Evaporated Milk,354 mL,"$2.99
 ea.",,$0.84 /100ml,,,https://product-images.metro.ca/images/hff/hc6/10518812164126.jpg,https://www.metro.ca/en/online-grocery/search-page-17
DALTONS,"Pitted Dates, Jaffa",500 g,"$3.49
 ea.",,$0.70 /100g,"Regular price
$3.99  ea.","Valid until Feb 7, 2024",,https://www.metro.ca/en/online-grocery/search-page-17
SELECTION,Cream Style Corn,540 mL,"$2.29
 ea.",,$0.42 /100ml,"Regular price
$2.69  ea.","Valid until Jan 10, 2024",https://product-images.metro.ca/images/h41/hb6/9518690959390.jpg,https://www.metro.ca/en/online-grocery/search-page-17
SELECTION,Shredded Double Cheddar Cheese Blend,320 g,"$5.99
 ea.",,$1.87 /100g,"Regular price
$7.49  ea.","Valid until Feb 14, 2024",https://product-images.metro.ca/images/hfa/h0a/9518555103262.jpg,https://www.metro.ca/en/online-grocery/search-page-17
BLACK DIAMOND,"Marbelicious® Mozzarella Cheese Sticks, Cheesetrings",16 sticks,"$8.79
 ea.",,$2.62 /100g,,,,https://www.metro.ca/en/online-grocery/search-page-17
POM,Sliced Raisin Bread With Cinnamon,600 g,"$6.49
 ea.",,$1.08 /100g,,,https://www.metro.ca/images/shared/placeholders/icon-no-picture.svg?v=2023.71.1.d1,https://www.metro.ca/en/online-grocery/search-page-17
KRAFT,Light Smooth Peanut Butter,1 kg,"$7.99
 ea.",,$0.80 /100g,"Regular price
$8.99  ea.","Valid until Feb 7, 2024",https://product-images.metro.ca/images/hf9/h91/10778625114142.jpg,https://www.metro.ca/en/online-grocery/search-page-17
LACTANTIA,"1% Milk, PurFiltre",4 L,"$9.69
 ea.",,$0.24 /100ml,,,,https://www.metro.ca/en/online-grocery/search-page-17
,Bag Of Limes,1 lb,"$4.99
 ea.",,$1.10 /100g,,,https://product-images.metro.ca/images/h50/h3a/8894365335582.jpg,https://www.metro.ca/en/online-grocery/search-page-17
CEDAR,Dark Red Kidney Beans,540 mL,"$1.99
 ea.",,$0.37 /100ml,"Regular price
$2.79  ea.","Valid until Jan 24, 2024",https://product-images.metro.ca/images/h60/h71/9719540187166.jpg,https://www.metro.ca/en/online-grocery/search-page-17
LACTANTIA,Traditional Spread,1.28 kg,"$7.29
 ea.",,$0.57 /100g,,,https://product-images.metro.ca/images/h92/h6e/12050651512862.jpg,https://www.metro.ca/en/online-grocery/search-page-17
NOREL,Grand-Mère Cretons,150 g,"$4.99
 ea.",,$3.33 /100g,,,https://product-images.metro.ca/images/h39/h54/10250170794014.jpg,https://www.metro.ca/en/online-grocery/search-page-17
SELECTION,2-Ply Paper Towels,2x45 sheets,"$1.99
 ea.",,$2.21 /100sheet,"Regular price
$2.19  ea.","Valid until Feb 7, 2024",https://product-images.metro.ca/images/h6f/hf6/11022087880734.jpg,https://www.metro.ca/en/online-grocery/search-page-17
IRRESISTIBLES,"Half-Moon Smoked Ham, Artisan",1 per tray,"$15.85
 avg. ea.","(1,200 g avg.)",$13.21 /kg$5.99 /lb.,"Regular price
$19.82  avg. kg","Valid until Jan 17, 2024",,https://www.metro.ca/en/online-grocery/search-page-17
,Basket Of Kiwis,907 g,"$7.99
 ea.",,$0.88 /100g,,,https://product-images.metro.ca/images/h4b/h8c/8806867402782.jpg,https://www.metro.ca/en/online-grocery/search-page-17
FIVE ROSES,All-Purpose White Flour,2.5 kg,"$6.49
 ea.",,$0.26 /100g,"Regular price
$7.49  ea.","Valid until Feb 7, 2024",https://product-images.metro.ca/images/h0b/h2a/10938827046942.jpg,https://www.metro.ca/en/online-grocery/search-page-17
,Organic Broccoli,Sold individually,"$3.99
 ea.",,$3.99 /un.,"Regular price
$5.49  ea.","Valid until Jan 10, 2024",https://product-images.metro.ca/images/hbe/hbf/8837159288862.jpg,https://www.metro.ca/en/online-grocery/search-page-17
CAMPBELL'S,"Condensed Tomato Soup, Homestyle",284 mL,"$1.79
 ea.",,$0.63 /100ml,"Regular price
$2.49  ea.","Valid until Jan 24, 2024",,https://www.metro.ca/en/online-grocery/search-page-17
,Bourguignon Beef Cubes,1 pack,"$12.67
 avg. ea.",(500 g avg.),$25.33 /kg$11.49 /lb.,"Regular price
$26.43  avg. kg","Valid until Jan 10, 2024",https://product-images.metro.ca/images/h2b/h07/8886377840670.jpg,https://www.metro.ca/en/online-grocery/search-page-17
PRIMO,Elbow Macaroni Pasta,900 g,"$2.99
 ea.",,$0.33 /100g,"Regular price
$3.79  ea.","Valid until Jan 24, 2024",https://product-images.metro.ca/images/h1a/h5f/11198083465246.jpg,https://www.metro.ca/en/online-grocery/search-page-17
LACTANTIA,Salted Butter Sticks,454 g,"$9.19
 ea.",,$2.02 /100g,,,https://product-images.metro.ca/images/hef/h55/12050652626974.jpg,https://www.metro.ca/en/online-grocery/search-page-17
ST-MÉTHODE,100% Whole Grain With Sprouted Wheat Sliced Bread,550 g,"2 / 
$8.78",,or $5.39 ea. $0.80 /100g,,"Valid until Jan 10, 2024",https://product-images.metro.ca/images/hc7/h24/10268237660190.jpg,https://www.metro.ca/en/online-grocery/search-page-18
IRRESISTIBLES,"Chick Peas, Life Smart",540 mL,"$2.49
 ea.",,$0.46 /100ml,,,,https://www.metro.ca/en/online-grocery/search-page-18
OASIS,Apple Juice,960 mL,"$2.39
 ea.",,$0.25 /100ml,,,https://product-images.metro.ca/images/h88/h57/11513908625438.jpg,https://www.metro.ca/en/online-grocery/search-page-18
METROGO!,"Sandwich Assortment, Value Pack",,"$11.99
 ea.",,$2.18 /100g,,,,https://www.metro.ca/en/online-grocery/search-page-18
CAT CHOW,"Chicken And Salmon Dry Cat Food, Naturals",1.42 kg,"$11.99
 ea.",,$0.01 /kg,,,,https://www.metro.ca/en/online-grocery/search-page-18
OASIS,"Orange Juice, Pure Breakfast",960 mL,"$2.39
 ea.",,$0.25 /100ml,,,,https://www.metro.ca/en/online-grocery/search-page-18
GREEN GIANT,Peaches & Cream Super Sweet Whole Kernel Corn,341 mL,"$2.79
 ea.",,$0.82 /100ml,,,https://product-images.metro.ca/images/h23/h16/12354382069790.jpg,https://www.metro.ca/en/online-grocery/search-page-18
ARM & HAMMER,Baking Soda,500 g,"$2.19
 ea.",,$0.44 /100g,,,https://product-images.metro.ca/images/hfb/h06/10286952841246.jpg,https://www.metro.ca/en/online-grocery/search-page-18
IRRESISTIBLES,"Frozen Shelled, Deveined And Cooked Pacific White Sh...","340 g, size 71-90","$9.00
 ea.",,$2.65 /100g,"Regular price
$9.99  ea.","Valid until Jan 17, 2024",,https://www.metro.ca/en/online-grocery/search-page-18
PEPSI,Diet Soft Drink,12x355 mL,"$6.98
 ea.",,$0.16 /100ml,"Regular price
$7.99  ea.","Valid until Jan 10, 2024",https://product-images.metro.ca/images/h32/ha7/12354384330782.jpg,https://www.metro.ca/en/online-grocery/search-page-18
MAPLE LEAF,"Sliced Oven Roasted Turkey Breast, Natural Selections",175 g,"$8.99
 ea.",,$5.14 /100g,,"Valid until Jan 10, 2024",,https://www.metro.ca/en/online-grocery/search-page-18
LACTANTIA,35% Cooking Cream,473 mL,"$4.99
 ea.",,$1.05 /100ml,"Regular price
$5.89  ea.","Valid until Feb 14, 2024",https://product-images.metro.ca/images/h90/h79/11307071766558.jpg,https://www.metro.ca/en/online-grocery/search-page-18
NATREL,"1% Lactose Free Milk, Fine-Filtered",2 L,"$5.99
 ea.",,$0.30 /100ml,"Regular price
$6.99  ea.","Valid until Jan 10, 2024",,https://www.metro.ca/en/online-grocery/search-page-18
,Sesame Kaiser Roll,"6 rolls, 360 g","$4.99
 ea.",,$1.39 /100g,,,https://product-images.metro.ca/images/h7f/hab/9279599509534.jpg,https://www.metro.ca/en/online-grocery/search-page-18
LIBERTÉ,2% Plain Yogurt,750 g,"$5.97
 ea.",,$0.80 /100g,"Regular price
$8.29  ea.","Valid until Jan 10, 2024",https://product-images.metro.ca/images/h0f/he0/11025124786206.jpg,https://www.metro.ca/en/online-grocery/search-page-18
HAIKU,Rice Vermicelli,300 g,"$3.99
 ea.",,$1.33 /100g,"Regular price
$4.49  ea.","Valid until Jan 24, 2024",https://product-images.metro.ca/images/h6a/h79/11432718696478.jpg,https://www.metro.ca/en/online-grocery/search-page-18
LACTANTIA,"3.25% Homogenized Milk, PurFiltre",1 L,"$2.99
 ea.",,$0.30 /100ml,"Regular price
$3.69  ea.","Valid until Feb 14, 2024",,https://www.metro.ca/en/online-grocery/search-page-18
,"Pepper Steaks, Value Pack",3 steaks per tray,"$15.41
 avg. ea.",(700 g avg.),$22.02 /kg$9.99 /lb.,"Regular price
$24.89  avg. kg","Valid until Jan 10, 2024",https://product-images.metro.ca/images/h7d/h68/8886583689246.jpg,https://www.metro.ca/en/online-grocery/search-page-18
SUMMER FRESH,Hummus,227 g,"$4.79
 ea.",,$2.11 /100g,,,https://product-images.metro.ca/images/h32/h6f/9213081976862.jpg,https://www.metro.ca/en/online-grocery/search-page-18
SIMPLY,Orange Juice With Pulp,2.63 L,"$6.99
 ea.",,$0.27 /100ml,"Regular price
$8.99  ea.","Valid until Jan 10, 2024",https://product-images.metro.ca/images/hb7/h97/11570796396574.jpg,https://www.metro.ca/en/online-grocery/search-page-18
BEATRICE,2% Milk,4 L,"$7.56
 ea.",,$0.19 /100ml,,,https://product-images.metro.ca/images/h83/he5/12263402536990.jpg,https://www.metro.ca/en/online-grocery/search-page-18
VH,Plum Dipping Sauce,341 mL,"2 / 
$8.00",,$1.17 /100ml,"Regular price
$4.69  ea.","Valid until Jan 24, 2024",https://product-images.metro.ca/images/h8a/h21/12174910226462.jpg,https://www.metro.ca/en/online-grocery/search-page-18
LACTANTIA,35% Whipping Cream,473 mL,"$4.99
 ea.",,$1.05 /100ml,"Regular price
$5.89  ea.","Valid until Feb 14, 2024",https://product-images.metro.ca/images/h42/h51/11459172433950.jpg,https://www.metro.ca/en/online-grocery/search-page-18
SELECTION,Cream Cheese Brick,250 g,"$3.49
 ea.",,$1.40 /100g,"Regular price
$3.99  ea.","Valid until Feb 14, 2024",https://product-images.metro.ca/images/h31/h97/10904125243422.jpg,https://www.metro.ca/en/online-grocery/search-page-18
CLARK,Maple Style Beans,398 mL,"$2.69
 ea.",,$0.68 /100ml,,,https://product-images.metro.ca/images/h90/h56/9823529041950.jpg,https://www.metro.ca/en/online-grocery/search-page-18
COORS LIGHT,Light Lager Beer,30x355 mL - cans,"$42.99
 ea.",,$0.40 /100ml,,,https://product-images.metro.ca/images/hb4/h5a/11513915998238.jpg,https://www.metro.ca/en/online-grocery/search-page-18
BERTOLLI,"Extra Virgin Olive Oil, Mild Taste",1 L,"$19.99
 ea.",,$2.00 /100ml,,,,https://www.metro.ca/en/online-grocery/search-page-18
LAFLEUR,Original Bacon,500 g,"$9.49
 ea.",,$1.90 /100g,,,https://product-images.metro.ca/images/hb6/hf7/9751049764894.jpg,https://www.metro.ca/en/online-grocery/search-page-18
IRRESISTIBLES,Water Crackers,125 g,"$2.49
 ea.",,$1.99 /100g,"Regular price
$2.99  ea.","Valid until Jan 24, 2024",https://www.metro.ca/images/shared/placeholders/icon-no-picture.svg?v=2023.71.1.d1,https://www.metro.ca/en/online-grocery/search-page-18
BABYBEL,Lactose Free Original Mini Cheeses,6x20 g,"$3.79
 ea.",,$3.16 /100g,"Regular price
$5.29  ea.","Valid until Jan 10, 2024",https://product-images.metro.ca/images/h13/h37/11761470537758.jpg,https://www.metro.ca/en/online-grocery/search-page-18
LAFLEUR,Pork And Beef Breakfast Sausages,675 g,"$10.99
 ea.",,$1.63 /100g,,,https://product-images.metro.ca/images/h01/he9/11432672854046.jpg,https://www.metro.ca/en/online-grocery/search-page-18
DRUMSTICK,Vanilla And Caramel Flavoured Dessert Cones,4x140 mL,"$5.99
 ea.",,$1.07 /100ml,"Regular price
$8.79  ea.","Valid until Jan 24, 2024",https://product-images.metro.ca/images/he0/h9a/10183815725086.jpg,https://www.metro.ca/en/online-grocery/search-page-19
DERLEA,Minced Garlic,250 g,"$3.99
 ea.",,$1.60 /100g,"Regular price
$4.99  ea.","Valid until Jan 10, 2024",https://product-images.metro.ca/images/h82/hc6/11243968102430.jpg,https://www.metro.ca/en/online-grocery/search-page-19
HELLMANN'S,Mayonnaise,1.42 L,"$8.99
 ea.",,$0.63 /100ml,,,https://product-images.metro.ca/images/hbd/h7e/11344179626014.jpg,https://www.metro.ca/en/online-grocery/search-page-19
PRIMO,Spaghetti,900 g,"$2.99
 ea.",,$0.33 /100g,"Regular price
$3.79  ea.","Valid until Jan 24, 2024",https://product-images.metro.ca/images/hea/hf2/11679632261150.jpg,https://www.metro.ca/en/online-grocery/search-page-19
FRENCH'S,"Yellow Mustard, Creamy",325 mL,"$3.99
 ea.",,$1.23 /100ml,,,,https://www.metro.ca/en/online-grocery/search-page-19
OASIS,Apple And Grape Juice Boxes,8x200 mL,"$5.79
 ea.",,$0.36 /100ml,,,https://product-images.metro.ca/images/h8b/hf5/11513928581150.jpg,https://www.metro.ca/en/online-grocery/search-page-19
METROGO!,Macaroni Salad,,"$3.72
 avg. ea.",(220 g avg.),$16.90 /kg$7.67 /lb.,"Regular price
$3.94  avg. ea.","Valid until Jan 10, 2024",https://product-images.metro.ca/images/h34/h2c/11926690791454.jpg,https://www.metro.ca/en/online-grocery/search-page-19
GATTUSO,Original Pizza Sauce,398 mL,"$2.99
 ea.",,$0.75 /100ml,"Regular price
$3.49  ea.","Valid until Jan 24, 2024",https://product-images.metro.ca/images/h1f/h6d/8855639162910.jpg,https://www.metro.ca/en/online-grocery/search-page-19
,Butternut Squash,,"$10.43
 avg. ea.","(1,900 g avg.)",$5.49 /kg$2.49 /lb.,,,https://product-images.metro.ca/images/he3/hb7/8832863109150.jpg,https://www.metro.ca/en/online-grocery/search-page-19
INTERNATIONAL DELIGHT,Caramel Macchiato Flavoured Coffee Whitener,946 mL,"$5.79
 ea.",,$0.61 /100ml,"Regular price
$6.49  ea.","Valid until Feb 14, 2024",https://product-images.metro.ca/images/h5f/h89/11627188781086.jpg,https://www.metro.ca/en/online-grocery/search-page-19
ST-HUBERT,Frozen Chicken Pot Pie,800 g,"$12.99
 ea.",,$1.62 /100g,"Regular price
$13.99  ea.","Valid until Jan 10, 2024",https://product-images.metro.ca/images/hd2/ha8/10123657936926.jpg,https://www.metro.ca/en/online-grocery/search-page-19
SELECTION,Assorted Size Peas,284 mL,"$1.29
 ea.",,$0.45 /100ml,"Regular price
$1.79  ea.","Valid until Jan 24, 2024",https://product-images.metro.ca/images/hef/h70/9518777597982.jpg,https://www.metro.ca/en/online-grocery/search-page-19
DOLE,Classic Romaine Salad Mix,255 g,"$3.99
 ea.",,$1.56 /100g,,,https://product-images.metro.ca/images/he7/hd3/9526395338782.jpg,https://www.metro.ca/en/online-grocery/search-page-19
IÖGO,1.5% Berry Flavoured Yogurt Variety Pack,16x100 g,"$8.79
 ea.",,$0.55 /100g,,,https://product-images.metro.ca/images/h73/h27/11161685753886.jpg,https://www.metro.ca/en/online-grocery/search-page-19
KELLOGG'S,"Cereal, Frosted Flakes",425 g,"$4.49
 ea.",,$1.06 /100g,"Regular price
$6.79  ea.","Valid until Feb 7, 2024",,https://www.metro.ca/en/online-grocery/search-page-19
,Boneless Half Pork Rib End Loin,,"$26.82
 avg. ea.","(2,300 g avg.)",$11.66 /kg$5.29 /lb.,,,https://product-images.metro.ca/images/h8c/h26/8912959995934.jpg,https://www.metro.ca/en/online-grocery/search-page-19
IRRESISTIBLES,"Black Beans, Life Smart",540 mL,"$2.49
 ea.",,$0.46 /100ml,,,,https://www.metro.ca/en/online-grocery/search-page-19
ST-MÉTHODE,Quinoa Bread,550 g,"2 / 
$8.78",,or $5.39 ea. $0.80 /100g,,"Valid until Jan 10, 2024",https://product-images.metro.ca/images/h93/he0/10268236218398.jpg,https://www.metro.ca/en/online-grocery/search-page-19
SELECTION,Frozen Chicken For Fondue,175 g,"$7.49
 ea.",,$4.28 /100g,"Regular price
$7.99  ea.","Valid until Jan 17, 2024",https://product-images.metro.ca/images/h0c/h60/10685920706590.jpg,https://www.metro.ca/en/online-grocery/search-page-19
ZIPLOC,Easy Open Tabs Sandwich Bags,90 un,"$5.99
 ea.",,$0.07 /un.,,,https://product-images.metro.ca/images/hc9/hd6/10784630210590.jpg,https://www.metro.ca/en/online-grocery/search-page-19
OIKOS,2% Vanilla Greek Yogurts,4x100 g,"3 / 
$9.99",,or $4.99 ea. $0.83 /100g,,"Valid until Feb 14, 2024",https://product-images.metro.ca/images/h72/h28/11570812518430.jpg,https://www.metro.ca/en/online-grocery/search-page-19
METROGO!,"Meat Sauce, Value Pack",800 mL,"$11.99
 ea.",,$1.50 /100ml,,,,https://www.metro.ca/en/online-grocery/search-page-19
LACTANTIA,10% Half & Half Cream,1 L,"$4.99
 ea.",,$0.50 /100ml,"Regular price
$5.89  ea.","Valid until Feb 14, 2024",https://product-images.metro.ca/images/h21/h4a/11459174105118.jpg,https://www.metro.ca/en/online-grocery/search-page-19
MARC ANGELO,Prosciutto,100 g,"$8.49
 ea.",,$8.49 /100g,,,https://product-images.metro.ca/images/hb1/h8b/9529882214430.jpg,https://www.metro.ca/en/online-grocery/search-page-19
PEPPERIDGE FARM,"Cheddar Flavoured Baked Crackers, Goldfish",200 g,"$3.49
 ea.",,$1.75 /100g,"Regular price
$4.19  ea.","Valid until Jan 10, 2024",,https://www.metro.ca/en/online-grocery/search-page-19
VILLAGGIO,"Thick Sliced Whole Wheat Bread, Italian Style",675 g,"2 / 
$7.49",,or $4.59 ea. $0.55 /100g,,"Valid until Jan 10, 2024",,https://www.metro.ca/en/online-grocery/search-page-19
SELECTION,Unsalted Butter Sticks,454 g,"$8.99
 ea.",,$1.99 /100g,,,https://product-images.metro.ca/images/h70/h2d/8834997944350.jpg,https://www.metro.ca/en/online-grocery/search-page-19
SELECTION,Pepperoni Slices,375 g,"$5.99
 ea.",,$1.60 /100g,"Regular price
$6.99  ea.","Valid until Jan 10, 2024",https://product-images.metro.ca/images/h7d/hbb/8824095375390.jpg,https://www.metro.ca/en/online-grocery/search-page-19
,"Apple, Golden Delicious",,"$1.08
 avg. ea.",(175 g avg.),$6.15 /kg$2.79 /lb.,,,,https://www.metro.ca/en/online-grocery/search-page-19
SELECTION,Shredded Mozzarella And Cheddar Cheese Blend,320 g,"$5.99
 ea.",,$1.87 /100g,"Regular price
$7.49  ea.","Valid until Feb 14, 2024",https://product-images.metro.ca/images/hab/hb3/9518547271710.jpg,https://www.metro.ca/en/online-grocery/search-page-19
PERRIER,Carbonated Natural Spring Water,1 L,"$2.79
 ea.",,$0.28 /100ml,,,https://product-images.metro.ca/images/hcf/ha2/11728527294494.jpg,https://www.metro.ca/en/online-grocery/search-page-19
METROGO!,Pollock Salad,,"$6.61
 avg. ea.",(300 g avg.),$22.02 /kg$9.99 /lb.,"Regular price
$7.27  avg. ea.","Valid until Jan 10, 2024",https://product-images.metro.ca/images/h2a/h12/8900515495966.jpg,https://www.metro.ca/en/online-grocery/search-page-19
IRRESISTIBLES,Bacon And Cheddar Old-Fashioned Chips,150 g,"$2.99
 ea.",,$1.99 /100g,,,https://product-images.metro.ca/images/h29/h9d/9704098529310.jpg,https://www.metro.ca/en/online-grocery/search-page-20
OASIS,Apple Juice Boxes,8x200 mL,"$5.79
 ea.",,$0.36 /100ml,,,https://product-images.metro.ca/images/h80/h4d/11513837584414.jpg,https://www.metro.ca/en/online-grocery/search-page-20
NESTLÉ,"Chocolate Bar, Aero",42 g,"$1.59
 ea.",,$3.79 /100g,,,,https://www.metro.ca/en/online-grocery/search-page-20
REAL DAIRY,French Vanilla Flavoured Ice Cream,1.5 L,"$5.99
 ea.",,$0.40 /100ml,"Regular price
$7.99  ea.","Valid until Jan 24, 2024",https://product-images.metro.ca/images/h6b/h24/11267542253598.jpg,https://www.metro.ca/en/online-grocery/search-page-20
KRAFT,Sweet Onion Dressing & Marinade,475 mL,"$4.49
 ea.",,$0.95 /100ml,,,https://product-images.metro.ca/images/h6c/h3d/9986872639518.jpg,https://www.metro.ca/en/online-grocery/search-page-20
SELECTION,Shredded Partly Skimmed Mozzarella Cheese,320 g,"$5.99
 ea.",,$1.87 /100g,"Regular price
$7.49  ea.","Valid until Feb 14, 2024",https://product-images.metro.ca/images/hf1/h32/9518584659998.jpg,https://www.metro.ca/en/online-grocery/search-page-20
CANADA DRY,Ginger Ale,12x355 mL,"$6.98
 ea.",,$0.16 /100ml,"Regular price
$7.99  ea.","Valid until Jan 10, 2024",https://product-images.metro.ca/images/hf7/h17/12018713133086.jpg,https://www.metro.ca/en/online-grocery/search-page-20
LA FERNANDIÈRE,Mild Italian Sausages,375 g,"$6.29
 ea.",,$1.68 /100g,,,https://product-images.metro.ca/images/he1/h11/12018749538334.jpg,https://www.metro.ca/en/online-grocery/search-page-20
SELECTION,"Yard Waste Paper Bags, Eco",5 un,"$4.99
 ea.",,$1.00 /un.,,,,https://www.metro.ca/en/online-grocery/search-page-20
MAXWELL HOUSE,Decaffeinated Ground Coffee,631 g,"$11.99
 ea.",,$1.90 /100g,,,https://product-images.metro.ca/images/he6/he6/9986844131358.jpg,https://www.metro.ca/en/online-grocery/search-page-20
TOSTITOS,Hint Of Lime Tortilla Chips,275 g,"2 / 
$8.50",,or $4.99 ea. $1.55 /100g,,"Valid until Jan 24, 2024",https://product-images.metro.ca/images/hd1/h2c/10529562296350.jpg,https://www.metro.ca/en/online-grocery/search-page-20
IRRESISTIBLES,"Cream Style Corn, Life Smart",398 mL,"$2.29
 ea.",,$0.58 /100ml,,,,https://www.metro.ca/en/online-grocery/search-page-20
SAPUTO,Feta Cheese,200 g,"$7.79
 ea.",,$3.90 /100g,,,https://product-images.metro.ca/images/hb7/h13/11094873767966.jpg,https://www.metro.ca/en/online-grocery/search-page-20
,Beets,1 bunch,"$4.99
 ea.",,$4.99 /un.,,,https://product-images.metro.ca/images/hca/h0e/8873389260830.jpg,https://www.metro.ca/en/online-grocery/search-page-20
VH,Butter Chicken Cooking Sauce,341 mL,"2 / 
$8.00",,$1.17 /100ml,"Regular price
$4.99  ea.","Valid until Jan 24, 2024",https://product-images.metro.ca/images/hdc/hcb/9519048949790.jpg,https://www.metro.ca/en/online-grocery/search-page-20
QUAKER,"Cheddar Flavoured Brown Rice Chips, Crispy Minis",100 g,"$3.99
 ea.",,$3.99 /100g,,,,https://www.metro.ca/en/online-grocery/search-page-20
PHILADELPHIA,Light Cream Cheese,340 g,"$5.99
 ea.",,$1.76 /100g,"Regular price
$7.99  ea.","Valid until Jan 10, 2024",https://product-images.metro.ca/images/h7e/h32/10529524154398.jpg,https://www.metro.ca/en/online-grocery/search-page-20
FRESH ATTITUDE,Spring Salad Mix With Toppings,155 g,"$6.99
 ea.",,$4.51 /100g,,,https://product-images.metro.ca/images/ha2/hbd/10938815905822.jpg,https://www.metro.ca/en/online-grocery/search-page-20
GREEN GIANT,Niblets Whole Kernel Corn,341 mL,"$2.79
 ea.",,$0.82 /100ml,,,https://product-images.metro.ca/images/h34/h19/9998176485406.jpg,https://www.metro.ca/en/online-grocery/search-page-20
VH,Cherry Dipping Sauce,341 mL,"2 / 
$8.00",,$1.17 /100ml,"Regular price
$4.69  ea.","Valid until Jan 24, 2024",https://product-images.metro.ca/images/h7d/he1/9519168913438.jpg,https://www.metro.ca/en/online-grocery/search-page-20
DOLE,American Blend Salad,340 g,"$5.99
 ea.",,$1.76 /100g,,,https://product-images.metro.ca/images/h85/hd9/9508216668190.jpg,https://www.metro.ca/en/online-grocery/search-page-20
METROGO!,Creamy Coleslaw,,"$3.18
 avg. ea.",(200 g avg.),$15.90 /kg$7.21 /lb.,"Regular price
$3.38  avg. ea.","Valid until Jan 10, 2024",https://product-images.metro.ca/images/h39/h01/11926647898142.jpg,https://www.metro.ca/en/online-grocery/search-page-20
OIKOS,2% Strawberry Flavoured Greek Yogurts,4x100 g,"3 / 
$9.99",,or $4.99 ea. $0.83 /100g,,"Valid until Feb 14, 2024",https://product-images.metro.ca/images/he8/h01/11570818842654.jpg,https://www.metro.ca/en/online-grocery/search-page-20
QUÉBON,1% Chocolate Milk,2 L,"$4.99
 ea.",,$0.25 /100ml,"Regular price
$6.79  ea.","Valid until Jan 10, 2024",https://product-images.metro.ca/images/h7f/hcc/11816806219806.jpg,https://www.metro.ca/en/online-grocery/search-page-20
LACTANTIA,"0% Skim Milk, PurFiltre",2 L,"$5.29
 ea.",,$0.26 /100ml,,,,https://www.metro.ca/en/online-grocery/search-page-20
IRRESISTIBLES,"Dark Red Kidney Beans, Life Smart",540 mL,"$2.49
 ea.",,$0.46 /100ml,,,,https://www.metro.ca/en/online-grocery/search-page-20
PREMIÈRE MOISSON,Rustic Sourdough Baguette,325 g,"$3.79
 ea.",,$1.17 /100g,,,https://product-images.metro.ca/images/h00/h9e/11685135417374.jpg,https://www.metro.ca/en/online-grocery/search-page-20
SELECTION,Salted Butter Sticks,454 g,"$8.99
 ea.",,$1.99 /100g,,,https://product-images.metro.ca/images/ha6/hfe/8835216113694.jpg,https://www.metro.ca/en/online-grocery/search-page-20
SEALTEST,2% Cottage Cheese,500 g,"$3.99
 ea.",,$0.80 /100g,"Regular price
$4.99  ea.","Valid until Jan 10, 2024",https://product-images.metro.ca/images/h61/hc6/11401274949662.jpg,https://www.metro.ca/en/online-grocery/search-page-20
METROGO!,Chicken Spread Sandwich,140 g,"$4.29
 ea.",,$3.06 /100g,,,https://product-images.metro.ca/images/h3a/h99/11926664347678.jpg,https://www.metro.ca/en/online-grocery/search-page-20
SEALTEST,Lemonade,1.75 L,"$3.49
 ea.",,$0.20 /100ml,,,https://product-images.metro.ca/images/he5/h3d/10161321771038.jpg,https://www.metro.ca/en/online-grocery/search-page-20
NATREL,"1% Milk, Fine-Filtered",4 L,"$9.69
 ea.",,$0.24 /100ml,,,,https://www.metro.ca/en/online-grocery/search-page-20
METROGO!,Shepherd'S Pie,,"$7.53
 avg. ea.",(315 g avg.),$23.90 /kg$10.84 /lb.,,,https://product-images.metro.ca/images/hbc/hac/11926672048158.jpg,https://www.metro.ca/en/online-grocery/search-page-20
TENDERFLAKE,Frozen Deep Dish Pie Shells,350 g,"$4.29
 ea.",,$1.23 /100g,,,https://product-images.metro.ca/images/h15/hdc/11642902773790.jpg,https://www.metro.ca/en/online-grocery/search-page-20
SELECTION,Assorted Sizes Peas,398 mL,"$2.29
 ea.",,$0.58 /100ml,,,https://product-images.metro.ca/images/h0c/hb0/9518686699550.jpg,https://www.metro.ca/en/online-grocery/search-page-21
CAMPBELL'S,Ready To Use No Salt Added Chicken Broth,900 mL,"$2.99
 ea.",,$0.33 /100ml,,,https://product-images.metro.ca/images/h31/hb9/10009291128862.jpg,https://www.metro.ca/en/online-grocery/search-page-21
POM,Le Gros™ Hot Dog Buns,8 buns,"3 / 
$10.97",,or $4.99 ea. $0.46 /un.,"Regular price
$5.19  ea.","Valid until Jan 10, 2024",https://product-images.metro.ca/images/h14/h74/10304051445790.jpg,https://www.metro.ca/en/online-grocery/search-page-21
,Black Seedless Grapes,,"$1.10
 / 100 g",,$11.00 /kg$4.99 /lb.,,,https://product-images.metro.ca/images/hd8/h21/8837266571294.jpg,https://www.metro.ca/en/online-grocery/search-page-21
VH,"General Tao Stir-Fry Sauce, Chinese",355 mL,"2 / 
$8.00",,$1.13 /100ml,"Regular price
$4.69  ea.","Valid until Jan 24, 2024",,https://www.metro.ca/en/online-grocery/search-page-21
CLASSICO,"Sweet Basil Marinara Pasta Sauce, Di Campania",650 mL,"$5.49
 ea.",,$0.84 /100ml,,,,https://www.metro.ca/en/online-grocery/search-page-21
SEALTEST,1% Cottage Cheese,500 g,"$3.99
 ea.",,$0.80 /100g,"Regular price
$4.99  ea.","Valid until Jan 10, 2024",https://product-images.metro.ca/images/h81/h86/11401271443486.jpg,https://www.metro.ca/en/online-grocery/search-page-21
IRRESISTIBLES,Naan Breads,240 g,"2 / 
$7.00",,or $3.99 ea. $1.46 /100g,"Regular price
$4.49  ea.","Valid until Jan 10, 2024",https://product-images.metro.ca/images/h8a/hd2/11521180368926.jpg,https://www.metro.ca/en/online-grocery/search-page-21
SMARTFOOD,Movie Night Butter Popcorn,150 g,"2 / 
$7.50",,$2.50 /100g,"Regular price
$4.99  ea.","Valid until Jan 10, 2024",https://product-images.metro.ca/images/h34/hdc/11685131747358.jpg,https://www.metro.ca/en/online-grocery/search-page-21
TWO GOOD,Vanilla Low Sugar Yogurt,625 g,"$4.99
 ea.",,$0.80 /100g,"Regular price
$6.49  ea.","Valid until Feb 14, 2024",https://product-images.metro.ca/images/h18/h86/11817094873118.jpg,https://www.metro.ca/en/online-grocery/search-page-21
SELECTION,Aluminum Foil - 50',15.24 m,"$3.49
 ea.",,$3.49 /un.,"Regular price
$4.49  ea.","Valid until Feb 7, 2024",https://product-images.metro.ca/images/h2d/h68/11392857112606.jpg,https://www.metro.ca/en/online-grocery/search-page-21
,Sugar Snap Peas,200 g,"$4.99
 ea.",,$2.50 /100g,,"Valid until Jan 10, 2024",https://product-images.metro.ca/images/hca/he8/8893480960030.jpg,https://www.metro.ca/en/online-grocery/search-page-21
HABITANT,Pea Soup With Smoked Ham,796 mL,"$3.99
 ea.",,$0.50 /100ml,,,https://product-images.metro.ca/images/ha1/hba/11679633080350.jpg,https://www.metro.ca/en/online-grocery/search-page-21
ST-HUBERT,25% Less Salt Hot Chicken Sandwich Homestyle Gravy,398 mL,"$2.69
 ea.",,$0.68 /100ml,,,https://product-images.metro.ca/images/h6f/hb6/10239141642270.jpg,https://www.metro.ca/en/online-grocery/search-page-21
VH,Butter Chicken Cooking Sauce,341 mL,"2 / 
$8.00",,$1.17 /100ml,"Regular price
$4.99  ea.","Valid until Jan 24, 2024",https://product-images.metro.ca/images/hdc/hcb/9519048949790.jpg,https://www.metro.ca/en/online-grocery/search-page-21
IRRESISTIBLES,Pistachio Ice Cream,1.5 L,"$5.49
 ea.",,$0.37 /100ml,"Regular price
$7.29  ea.","Valid until Jan 10, 2024",https://product-images.metro.ca/images/hd0/h01/9640166424606.jpg,https://www.metro.ca/en/online-grocery/search-page-21
,"Inside Round Sandwich Steaks, Value Pack",5 steaks per tray,"$10.13
 avg. ea.",(400 g avg.),$25.33 /kg$11.49 /lb.,,,https://product-images.metro.ca/images/h94/h59/8886586310686.jpg,https://www.metro.ca/en/online-grocery/search-page-21
METROGO!,Cold Cut Submarine Sandwich,,"$5.49
 ea.",,$2.75 /100g,,,https://product-images.metro.ca/images/hb2/h00/11926657171486.jpg,https://www.metro.ca/en/online-grocery/search-page-21
,Jumbo Papaya,,"$10.54
 avg. ea.","(1,600 g avg.)",$6.59 /kg$2.99 /lb.,,,https://product-images.metro.ca/images/hc1/h75/8872792457246.jpg,https://www.metro.ca/en/online-grocery/search-page-21
LACTANTIA,"3.25% Homogenized Milk, PurFiltre",4 L,"$9.69
 ea.",,$0.24 /100ml,,,,https://www.metro.ca/en/online-grocery/search-page-21
METROGO!,Pineapple Chunks,Small,"$3.99
 ea.",,$1.33 /100g,,,https://product-images.metro.ca/images/ha2/h1d/8837250908190.jpg,https://www.metro.ca/en/online-grocery/search-page-21
TRE STELLE,Traditional Feta Cheese,200 g,"$6.99
 ea.",,$3.50 /100g,"Regular price
$7.29  ea.","Valid until Jan 17, 2024",https://product-images.metro.ca/images/h7b/h0c/12174878933022.jpg,https://www.metro.ca/en/online-grocery/search-page-21
CHEF FRANKIE,Sliced Seasame Seed Montreal Style Bagels,"6 bagels, 480 g","$5.99
 ea.",,$1.25 /100g,,,https://product-images.metro.ca/images/h4c/h6f/10109090267166.jpg,https://www.metro.ca/en/online-grocery/search-page-21
NATREL,"3.25% Milk, Fine-Filtered",2 L,"$5.29
 ea.",,$0.26 /100ml,,,,https://www.metro.ca/en/online-grocery/search-page-21
METROGO!,Mild Italian Sausages,6 sausages per tray,"$10.57
 avg. ea.",(800 g avg.),$13.21 /kg$5.99 /lb.,,,https://product-images.metro.ca/images/h6e/h64/12048183230494.jpg,https://www.metro.ca/en/online-grocery/search-page-21
UNICO,Solid Light Tuna,99 g,"$1.89
 ea.",,$1.91 /100g,,,https://product-images.metro.ca/images/h6b/h4f/11161705676830.jpg,https://www.metro.ca/en/online-grocery/search-page-21
IRRESISTIBLES,Frozen Pineapple Chunks,600 g,"3 / 
$12.99",,or $5.99 ea. $0.72 /100g,,"Valid until Feb 14, 2024",https://product-images.metro.ca/images/h92/hc5/11521256620062.jpg,https://www.metro.ca/en/online-grocery/search-page-21
KNORR,"Creamy Bacon Carbonara Pasta, Sidekicks",134 g,"3 / 
$7.00",,$1.74 /100g,"Regular price
$2.79  ea.","Valid until Jan 24, 2024",,https://www.metro.ca/en/online-grocery/search-page-21
OCEAN SPRAY,Whole Berry Cranberry Sauce,348 mL,"$3.29
 ea.",,$0.95 /100ml,,,https://product-images.metro.ca/images/he4/h04/9882998538270.jpg,https://www.metro.ca/en/online-grocery/search-page-21
GENERAL MILLS,"Whole Grain Oats Cereal, Cheerios",350 g,"2 / 
$8.00",,or $5.99 ea. $1.14 /100g,,"Valid until Feb 7, 2024",,https://www.metro.ca/en/online-grocery/search-page-21
OASIS,Apple And Grape Juice,960 mL,"$2.39
 ea.",,$0.25 /100ml,,,https://product-images.metro.ca/images/h1a/he7/11513917898782.jpg,https://www.metro.ca/en/online-grocery/search-page-21
,Chicken Leg Quarters,2 legs per tray,"$5.06
 avg. ea.",(500 g avg.),$10.12 /kg$4.59 /lb.,,,https://product-images.metro.ca/images/h9a/hb0/8886503374878.jpg,https://www.metro.ca/en/online-grocery/search-page-21
HABITANT,Garden Style Vegetable Pea Soup,796 mL,"$3.99
 ea.",,$0.50 /100ml,,,https://product-images.metro.ca/images/h17/h3e/11849375023134.jpg,https://www.metro.ca/en/online-grocery/search-page-21
KRAFT,Crunchy Peanut Butter,1 kg,"$7.99
 ea.",,$0.80 /100g,"Regular price
$8.99  ea.","Valid until Feb 7, 2024",https://product-images.metro.ca/images/h7f/hb2/10778625671198.jpg,https://www.metro.ca/en/online-grocery/search-page-22
ACTIVIA,2.9% Probiotic Yogurts Variety Pack,12x100 g,"$8.69
 ea.",,$0.72 /100g,,,https://product-images.metro.ca/images/hb2/h10/11570818121758.jpg,https://www.metro.ca/en/online-grocery/search-page-22
SELECTION,Frozen Vegetable Blend For Spaghetti Sauce,750 g,"$3.49
 ea.",,$0.47 /100g,"Regular price
$4.49  ea.","Valid until Jan 10, 2024",https://product-images.metro.ca/images/hc6/h3a/9836177031198.jpg,https://www.metro.ca/en/online-grocery/search-page-22
IRRESISTIBLES,Fresh Dill,21 g,"$2.99
 ea.",,$2.99 /un.,,,https://product-images.metro.ca/images/h4e/he6/8959506677790.jpg,https://www.metro.ca/en/online-grocery/search-page-22
VH,Sweet & Sour Dipping Sauce,341 mL,"2 / 
$8.00",,$1.17 /100ml,"Regular price
$4.69  ea.","Valid until Jan 24, 2024",https://product-images.metro.ca/images/h67/h00/9519169339422.jpg,https://www.metro.ca/en/online-grocery/search-page-22
,Tropical Gold Pineapple,Sold individually,"$4.99
 ea.",,$4.99 /un.,"Regular price
$5.99  ea.","Valid until Jan 10, 2024",https://product-images.metro.ca/images/hb9/ha0/8905403498526.jpg,https://www.metro.ca/en/online-grocery/search-page-22
HEINZ,Tomato Juice,1.36 L,"$5.99
 ea.",,$0.44 /100ml,,,https://product-images.metro.ca/images/h14/h6c/12196738891806.jpg,https://www.metro.ca/en/online-grocery/search-page-22
METROGO!,Meat Lasagna,,"$8.24
 avg. ea.",(360 g avg.),$22.90 /kg$10.39 /lb.,,,https://product-images.metro.ca/images/h00/h55/11926666510366.jpg,https://www.metro.ca/en/online-grocery/search-page-22
MARZETTI,Ranch Style Veggie Dip,340 g,"$4.99
 ea.",,$1.47 /100g,"Regular price
$5.99  ea.","Valid until Jan 17, 2024",https://product-images.metro.ca/images/hdd/h78/11432693071902.jpg,https://www.metro.ca/en/online-grocery/search-page-22
VH,Pad Thai Stir-Fry Sauce,355 mL,"2 / 
$8.00",,$1.13 /100ml,"Regular price
$4.99  ea.","Valid until Jan 24, 2024",https://product-images.metro.ca/images/h98/h00/9518860009502.jpg,https://www.metro.ca/en/online-grocery/search-page-22
ST-HUBERT,Traditional Coleslaw,454 g,"$4.79
 ea.",,$1.06 /100g,"Regular price
$4.99  ea.","Valid until Jan 17, 2024",https://product-images.metro.ca/images/h85/h4b/11333003706398.jpg,https://www.metro.ca/en/online-grocery/search-page-22
ST-MÉTHODE,"White Sliced Bread, Campagnolo",650 g,"$5.39
 ea.",,$0.83 /100g,,,,https://www.metro.ca/en/online-grocery/search-page-22
IRRESISTIBLES,Frozen Summertime Blend Mixed Fruit,600 g,"3 / 
$12.99",,or $5.99 ea. $0.72 /100g,,"Valid until Feb 14, 2024",https://product-images.metro.ca/images/hca/hcf/11521035206686.jpg,https://www.metro.ca/en/online-grocery/search-page-22
DR. OETKER,"Frozen Four Cheese Thin Crust Pizza, Ristorante",340 g,"$6.99
 ea.",,$2.06 /100g,"Regular price
$7.49  ea.","Valid until Feb 14, 2024",,https://www.metro.ca/en/online-grocery/search-page-22
CADBURY,"Milk Chocolate Bar With Oreo, Dairy Milk",38 g,"$1.69
 ea.",,$4.45 /100g,,,,https://www.metro.ca/en/online-grocery/search-page-22
SMUCKER'S,"Strawberry Jam, Pure",500 mL,"$5.99
 ea.",,$1.20 /100ml,"Regular price
$6.49  ea.","Valid until Feb 7, 2024",,https://www.metro.ca/en/online-grocery/search-page-22
SELECTION,14% Sour Cream,250 mL,"$2.99
 ea.",,$1.20 /100ml,,,https://product-images.metro.ca/images/hbf/hf3/8833373044766.jpg,https://www.metro.ca/en/online-grocery/search-page-22
,Tenderized Steak,,"$8.95
 avg. ea.",(325 g avg.),$27.54 /kg$12.49 /lb.,,,https://product-images.metro.ca/images/h8e/hf4/11868097871902.jpg,https://www.metro.ca/en/online-grocery/search-page-22
TRE STELLE,Grated Parmesan Cheese,125 g,"$6.99
 ea.",,$5.59 /100g,"Regular price
$7.49  ea.","Valid until Jan 17, 2024",https://product-images.metro.ca/images/h0c/h5b/10040022532126.jpg,https://www.metro.ca/en/online-grocery/search-page-22
,Chicken Breast With Back,,"$9.71
 avg. ea.",(700 g avg.),$13.87 /kg$6.29 /lb.,,,https://product-images.metro.ca/images/hca/h25/8886480830494.jpg,https://www.metro.ca/en/online-grocery/search-page-22
LACTANTIA,2% Lactose Free Milk,2 L,"$5.79
 ea.",,$0.29 /100ml,"Regular price
$6.49  ea.","Valid until Jan 10, 2024",https://product-images.metro.ca/images/h48/h69/11354242711582.jpg,https://www.metro.ca/en/online-grocery/search-page-22
METROGO!,Chicken And Vegetable Skewers,2 brochettes per tray,"$12.12
 avg. ea.",(500 g avg.),$24.23 /kg$10.99 /lb.,"Regular price
$26.43  avg. kg","Valid until Jan 10, 2024",https://product-images.metro.ca/images/h5e/h34/11351666786334.jpg,https://www.metro.ca/en/online-grocery/search-page-22
MAILLE,Originale Dijon Mustard,500 mL,"$7.99
 ea.",,$1.60 /100ml,"Regular price
$9.49  ea.","Valid until Jan 24, 2024",https://product-images.metro.ca/images/ha8/h1e/11590615597086.jpg,https://www.metro.ca/en/online-grocery/search-page-22
GLAD,"Plastic Wrap, Cling Wrap",60 m,"$5.49
 ea.",,$5.49 /un.,,,,https://www.metro.ca/en/online-grocery/search-page-22
ST-MÉTHODE,Integral Sliced Bread,550 g,"$5.39
 ea.",,$0.98 /100g,,,https://product-images.metro.ca/images/h7b/h30/10268239495198.jpg,https://www.metro.ca/en/online-grocery/search-page-22
TRE STELLE,Mozzarella Cheese In Ball,340 g,"$10.49
 ea.",,$3.09 /100g,,,https://product-images.metro.ca/images/ha9/h2f/11521389756446.jpg,https://www.metro.ca/en/online-grocery/search-page-22
DR. OETKER,"Frozen Pepperoni Thin Crust Pizza, Ristorante",320 g,"$6.99
 ea.",,$1.79 /100g,"Regular price
$7.49  ea.","Valid until Feb 14, 2024",,https://www.metro.ca/en/online-grocery/search-page-22
SUMMER FRESH,Tzatziki Dip,227 g,"$4.79
 ea.",,$2.11 /100g,,,https://product-images.metro.ca/images/h77/h02/9213114187806.jpg,https://www.metro.ca/en/online-grocery/search-page-22
CATELLI,"Ready-Cut Macaroni, Classic",900 g,"$2.99
 ea.",,$0.33 /100g,"Regular price
$4.99  ea.","Valid until Jan 24, 2024",,https://www.metro.ca/en/online-grocery/search-page-22
,"Whole Beef Tenderloin, Vacuumed Packed",,"$192.82
 avg. ea.","(3,500 g avg.)",$55.09 /kg$24.99 /lb.,,,https://product-images.metro.ca/images/h71/h42/9112865964062.jpg,https://www.metro.ca/en/online-grocery/search-page-22
PEEK FREANS,Assorted Creme Biscuits,300 g,"$3.79
 ea.",,$1.26 /100g,"Regular price
$4.99  ea.","Valid until Jan 24, 2024",https://product-images.metro.ca/images/hba/he5/12354355265566.jpg,https://www.metro.ca/en/online-grocery/search-page-22
FLEISCHMANN'S,Corn Starch,454 g,"$4.99
 ea.",,$1.10 /100g,,,https://product-images.metro.ca/images/h77/h60/11188436008990.jpg,https://www.metro.ca/en/online-grocery/search-page-22
CATELLI,"Spaghettini, Classic",900 g,"$2.99
 ea.",,$0.33 /100g,"Regular price
$4.99  ea.","Valid until Jan 24, 2024",,https://www.metro.ca/en/online-grocery/search-page-23
SELECTION,Feta Cheese,200 g,"$5.79
 ea.",,$2.90 /100g,"Regular price
$5.99  ea.","Valid until Jan 17, 2024",https://product-images.metro.ca/images/hc2/hd6/11679616139294.jpg,https://www.metro.ca/en/online-grocery/search-page-23
QUE PASA,Organic Salted Tortilla Chips,350 g,"$4.99
 ea.",,$1.43 /100g,,,https://product-images.metro.ca/images/ha9/h28/11493013618718.jpg,https://www.metro.ca/en/online-grocery/search-page-23
,Organic Carrots,2 lb,"$3.99
 ea.",,$0.44 /100lb.,,,https://product-images.metro.ca/images/h06/ha5/9335891689502.jpg,https://www.metro.ca/en/online-grocery/search-page-23
VH,"Garlic Hoisin Stir-Fry Sauce, Chinese",355 mL,"2 / 
$8.00",,$1.13 /100ml,"Regular price
$4.69  ea.","Valid until Jan 24, 2024",,https://www.metro.ca/en/online-grocery/search-page-23
DR. OETKER,"Frozen Pepperoni, Ham And Mushroom Thin Crust Pizza,...",330 g,"$6.99
 ea.",,$2.12 /100g,"Regular price
$7.49  ea.","Valid until Feb 14, 2024",,https://www.metro.ca/en/online-grocery/search-page-23
LECLERC,"Maple Leaf Cream Cookies, Célébration",350 g,"$4.49
 ea.",,$1.28 /100g,,,,https://www.metro.ca/en/online-grocery/search-page-23
PEPSI,Soft Drink,2 L,"2 / 
$6.00",,$0.15 /100ml,"Regular price
$3.49  ea.","Valid until Jan 24, 2024",https://product-images.metro.ca/images/h60/hb6/12354336784414.jpg,https://www.metro.ca/en/online-grocery/search-page-23
SELECTION,Partly Skimmed Mozzarella Cheese,400 g,"$3.97
 ea.",,$0.99 /100g,"Regular price
$6.49  ea.","Valid until Jan 10, 2024",https://product-images.metro.ca/images/he5/h32/10526405066782.jpg,https://www.metro.ca/en/online-grocery/search-page-23
RED BULL,"Energy Drink, Zero",250 mL,"2 / 
$5.50",,$1.10 /100ml,"Regular price
$3.49  ea.","Valid until Jan 24, 2024",https://product-images.metro.ca/images/h5e/h10/11481659637790.jpg,https://www.metro.ca/en/online-grocery/search-page-23
SELECTION,White Vinegar,1 L,"$1.79
 ea.",,$0.18 /100ml,,,https://product-images.metro.ca/images/h30/hca/11205013438494.jpg,https://www.metro.ca/en/online-grocery/search-page-23
MONTELLIER,Carbonated Natural Spring Water,1 L,"$1.49
 ea.",,$0.15 /100ml,,,https://product-images.metro.ca/images/he7/h80/12174865203230.jpg,https://www.metro.ca/en/online-grocery/search-page-23
HAIKU,Premium Coconut Milk,398 mL,"$2.79
 ea.",,$0.70 /100ml,"Regular price
$3.29  ea.","Valid until Jan 24, 2024",https://product-images.metro.ca/images/h1f/hf3/9719564468254.jpg,https://www.metro.ca/en/online-grocery/search-page-23
,"Apple, Gala",,"$1.02
 avg. ea.",(155 g avg.),$6.59 /kg$2.99 /lb.,,,,https://www.metro.ca/en/online-grocery/search-page-23
CAPRICE DES DIEUX,Soft Cheese,125 g,"$7.79
 ea.",,$6.23 /100g,,,https://product-images.metro.ca/images/h85/h8e/9836216352798.jpg,https://www.metro.ca/en/online-grocery/search-page-23
,White Vienna Rolls,12x40 g,"$5.99
 ea.",,$1.25 /100g,"Regular price
$6.49  ea.","Valid until Jan 17, 2024",https://product-images.metro.ca/images/hbe/hda/8860591030302.jpg,https://www.metro.ca/en/online-grocery/search-page-23
FRESH ATTITUDE,Organic 50-50 Salad Mix,142 g,"$5.99
 ea.",,$4.22 /100g,,,https://product-images.metro.ca/images/h2e/h94/11883415633950.jpg,https://www.metro.ca/en/online-grocery/search-page-23
MÈRE MICHEL,Mère Michel Smoked Ham,,"$3.29
 / 100 g",,$32.90 /kg$14.92 /lb.,"Regular price
$35.90  / kg","Valid until Jan 10, 2024",https://product-images.metro.ca/images/hca/h35/9043200639006.jpg,https://www.metro.ca/en/online-grocery/search-page-23
SILK,Vanilla Almond Plant-Based Beverage,1.89 L,"$4.79
 ea.",,$0.25 /100ml,"Regular price
$5.69  ea.","Valid until Feb 14, 2024",https://product-images.metro.ca/images/h0e/h86/12174955413534.jpg,https://www.metro.ca/en/online-grocery/search-page-23
NOREL,Classic Smoothy Cretons,150 g,"$4.99
 ea.",,$3.33 /100g,,,https://product-images.metro.ca/images/h4b/h25/10250168959006.jpg,https://www.metro.ca/en/online-grocery/search-page-23
SELECTION,Baking Soda,500 g,"$1.29
 ea.",,$0.26 /100g,"Regular price
$1.59  ea.","Valid until Feb 7, 2024",https://product-images.metro.ca/images/h92/h53/10183900528670.jpg,https://www.metro.ca/en/online-grocery/search-page-23
VACHON,Vanilla Flavoured 1/2 Moon™ Cakes,"6 cakes, 282 g","3 / 
$10.97",,or $4.99 ea. $0.61 /un.,"Regular price
$5.29  ea.","Valid until Jan 10, 2024",https://product-images.metro.ca/images/h0e/h9b/10893978304542.jpg,https://www.metro.ca/en/online-grocery/search-page-23
IRRESISTIBLES,"Extra-Lean Pastrami, Artisan",,"$4.29
 / 100 g",,$42.90 /kg$19.46 /lb.,,,,https://www.metro.ca/en/online-grocery/search-page-23
ROYAL NUTS,Raw Walnuts,240 g,"$8.99
 ea.",,$3.75 /100g,"Regular price
$9.99  ea.","Valid until Jan 10, 2024",https://product-images.metro.ca/images/h7f/hb6/11849377480734.jpg,https://www.metro.ca/en/online-grocery/search-page-23
CLASSICO,"Fire-Roasted Tomato And Garlic Pasta Sauce, Di Siena",650 mL,"$5.49
 ea.",,$0.84 /100ml,,,,https://www.metro.ca/en/online-grocery/search-page-23
CUDDY,Roasted Sundried Tomato And Basil Turkey Breast,,"$5.19
 / 100 g",,$51.90 /kg$23.54 /lb.,,,https://product-images.metro.ca/images/h06/hea/9225502752798.jpg,https://www.metro.ca/en/online-grocery/search-page-23
HUNT'S,Onions Herbs And Spices Tomato Sauce,680 mL,"$3.29
 ea.",,$0.48 /100ml,,,https://product-images.metro.ca/images/he8/hc7/12210142478366.jpg,https://www.metro.ca/en/online-grocery/search-page-23
SELECTION,Flaked Light Tuna In Water,170 g,"$1.39
 ea.",,$0.82 /100g,"Regular price
$1.99  ea.","Valid until Jan 24, 2024",https://product-images.metro.ca/images/h6a/h30/10029195919390.jpg,https://www.metro.ca/en/online-grocery/search-page-23
LE GREC,Original Salad Dressing,350 mL,"$3.99
 ea.",,$1.14 /100ml,"Regular price
$4.79  ea.","Valid until Jan 24, 2024",https://product-images.metro.ca/images/he6/h04/9836246401054.jpg,https://www.metro.ca/en/online-grocery/search-page-23
OIKOS,0% Peach-Mango Flavoured Greek Yogurts,4x100 g,"3 / 
$9.99",,or $4.99 ea. $0.83 /100g,,"Valid until Feb 14, 2024",https://product-images.metro.ca/images/hd4/h00/11570809503774.jpg,https://www.metro.ca/en/online-grocery/search-page-23
ST-MÉTHODE,9 Whole Grains Sliced Bread,600 g,"2 / 
$8.78",,or $5.39 ea. $0.73 /100g,,"Valid until Jan 10, 2024",https://product-images.metro.ca/images/h01/h0e/10399662768158.jpg,https://www.metro.ca/en/online-grocery/search-page-23
,Inside Round Sandwich Steaks,3 steaks per tray,"$6.20
 avg. ea.",(225 g avg.),$27.54 /kg$12.49 /lb.,,,https://product-images.metro.ca/images/hea/h75/8886644375582.jpg,https://www.metro.ca/en/online-grocery/search-page-23
BON MATIN,Rustic Grains Sliced Bread With Quinoa,600 g,"2 / 
$8.88",,or $5.09 ea. $0.74 /100g,,"Valid until Jan 10, 2024",https://product-images.metro.ca/images/h82/h64/11094881435678.jpg,https://www.metro.ca/en/online-grocery/search-page-24
LE SIEUR,Tender Green Peas,284 mL,"$2.49
 ea.",,$0.88 /100ml,,,https://product-images.metro.ca/images/hc2/h80/10777074630686.jpg,https://www.metro.ca/en/online-grocery/search-page-24
QUAKER,Large Oats,1 kg,"$3.99
 ea.",,$0.40 /100g,"Regular price
$4.99  ea.","Valid until Feb 7, 2024",https://product-images.metro.ca/images/ha6/hd6/10509520109598.jpg,https://www.metro.ca/en/online-grocery/search-page-24
DUNN'S,Montreal Smoked Meat Brisket,4x125 g,"$20.99
 ea.",,$4.20 /100g,,,https://product-images.metro.ca/images/h3f/h54/8824197742622.jpg,https://www.metro.ca/en/online-grocery/search-page-24
RED BULL,"Energy Drink, Zero",250 mL,"2 / 
$5.50",,$1.10 /100ml,"Regular price
$3.49  ea.","Valid until Jan 24, 2024",https://product-images.metro.ca/images/h5e/h10/11481659637790.jpg,https://www.metro.ca/en/online-grocery/search-page-24
FRANÇOIS HUBERT,Pie Dough,1 kg,"$6.49
 ea.",,$0.65 /100g,"Regular price
$6.99  ea.","Valid until Jan 17, 2024",https://product-images.metro.ca/images/h77/h49/11994726105118.jpg,https://www.metro.ca/en/online-grocery/search-page-24
DOLE,"Chipotle And Cheddar Salad Kit, Chop Chop",276 g,"$5.99
 ea.",,$2.17 /100g,,,,https://www.metro.ca/en/online-grocery/search-page-24
,Fondue Beef Cubes,1 pack,"$8.87
 avg. ea.",(350 g avg.),$25.33 /kg$11.49 /lb.,"Regular price
$26.43  avg. kg","Valid until Jan 10, 2024",https://product-images.metro.ca/images/hab/h5d/8886399959070.jpg,https://www.metro.ca/en/online-grocery/search-page-24
,Spaghetti Squash,,"$9.11
 avg. ea.","(1,660 g avg.)",$5.49 /kg$2.49 /lb.,,,https://product-images.metro.ca/images/h43/h6d/11521194983454.jpg,https://www.metro.ca/en/online-grocery/search-page-24
INTERNATIONAL DELIGHT,Peppermint Mocha Flavoured Coffee Enhancer,946 mL,"$5.79
 ea.",,$0.61 /100ml,"Regular price
$6.49  ea.","Valid until Feb 14, 2024",https://product-images.metro.ca/images/h44/h9f/12227458695198.jpg,https://www.metro.ca/en/online-grocery/search-page-24
SELECTION,Frozen Pork For Fondue,350 g,"$7.49
 ea.",,$2.14 /100g,"Regular price
$7.99  ea.","Valid until Jan 17, 2024",https://product-images.metro.ca/images/h36/h79/10269071015966.jpg,https://www.metro.ca/en/online-grocery/search-page-24
TRISCUIT,Sea Salt Original Seasoned Crackers,200 g,"$4.49
 ea.",,$2.25 /100g,,,https://product-images.metro.ca/images/h29/hbc/9508365467678.jpg,https://www.metro.ca/en/online-grocery/search-page-24
SELECTION,Crushed Tomatoes,796 mL,"$1.99
 ea.",,$0.25 /100ml,"Regular price
$2.19  ea.","Valid until Jan 24, 2024",https://product-images.metro.ca/images/had/h92/9518722252830.jpg,https://www.metro.ca/en/online-grocery/search-page-24
BOURSIN,Shallot And Chives Fresh Cheese,150 g,"$8.00
 ea.",,$5.33 /100g,,,https://product-images.metro.ca/images/he8/h77/11849327509534.jpg,https://www.metro.ca/en/online-grocery/search-page-24
MOLSON,"Light Lager Beer, Ultra",30x355 mL -cans,"$42.99
 ea.",,$0.40 /100ml,"Regular price
$44.49  ea.","Valid until Jan 10, 2024",,https://www.metro.ca/en/online-grocery/search-page-24
COCA-COLA,Soft Drink,6x222 mL,"2 / 
$8.00",,$0.30 /100ml,"Regular price
$5.79  ea.","Valid until Jan 24, 2024",https://product-images.metro.ca/images/h07/he3/11771864088606.jpg,https://www.metro.ca/en/online-grocery/search-page-24
SELECTION,Natural Spring Water,4 L,"3 / 
$5.00",,$0.04 /100ml,"Regular price
$2.29  ea.","Valid until Jan 10, 2024",https://product-images.metro.ca/images/hce/hb9/9519418081310.jpg,https://www.metro.ca/en/online-grocery/search-page-24
BLACK DIAMOND,Extra-Old Cheddar Cheese,400 g,"$6.99
 ea.",,$1.75 /100g,"Regular price
$7.49  ea.","Valid until Feb 14, 2024",https://product-images.metro.ca/images/h66/h8f/10715212283934.jpg,https://www.metro.ca/en/online-grocery/search-page-24
TOSTITOS,"Medium Salsa With Real Cheese, Salsa Con Queso",394 mL,"$5.29
 ea.",,$1.34 /100ml,,,,https://www.metro.ca/en/online-grocery/search-page-24
MASTRO,Cooked Mild Capicollo,,"$2.79
 / 100 g",,$27.90 /kg$12.66 /lb.,"Regular price
$29.90  / kg","Valid until Jan 17, 2024",https://product-images.metro.ca/images/h40/hc0/8819723239454.jpg,https://www.metro.ca/en/online-grocery/search-page-24
ST-HUBERT,Poutine Gravy,398 mL,"$2.69
 ea.",,$0.68 /100ml,,,https://product-images.metro.ca/images/hec/h1a/10239132368926.jpg,https://www.metro.ca/en/online-grocery/search-page-24
METROGO!,Egg Spread Sandwich,,"$4.29
 ea.",,$3.06 /100g,,,https://product-images.metro.ca/images/hb0/h66/11926679420958.jpg,https://www.metro.ca/en/online-grocery/search-page-24
,Organic Grape Tomatoes,284 g,"$6.99
 ea.",,$2.46 /100g,,,https://product-images.metro.ca/images/h42/h8f/10390723461150.jpg,https://www.metro.ca/en/online-grocery/search-page-24
SELECTION,7" Whole Wheat Tortillas,10 un,"2 / 
$7.00",,$1.03 /100g,"Regular price
$4.19  ea.","Valid until Jan 10, 2024",,https://www.metro.ca/en/online-grocery/search-page-24
ACTIVIA,2.9% Strawberry And Vanilla Flavoured Probiotic Yogurts,8x100 g,"$4.99
 ea.",,$0.62 /100g,"Regular price
$6.49  ea.","Valid until Feb 14, 2024",https://product-images.metro.ca/images/h66/h4c/11351645585438.jpg,https://www.metro.ca/en/online-grocery/search-page-24
IRRESISTIBLES,Frozen Raw And Deveined Pacific White Shrimp,"340 g, size 31-40","$9.00
 ea.",,$2.65 /100g,"Regular price
$11.99  ea.","Valid until Jan 17, 2024",https://product-images.metro.ca/images/hf7/hee/12263419674654.jpg,https://www.metro.ca/en/online-grocery/search-page-24
METROGO!,Traditionally Smoked Quarter Ham,A tray contains on average 700 g,"$13.10
 / 700 g",,$18.72 /kg$8.49 /lb.,"Regular price
$19.82  / kg","Valid until Jan 17, 2024",https://product-images.metro.ca/images/h64/he0/9233910136862.jpg,https://www.metro.ca/en/online-grocery/search-page-24
PREMIUM PLUS,Salted Tops Crackers,225 g,"$3.99
 ea.",,$1.77 /100g,,,https://product-images.metro.ca/images/h3f/hb2/11432674721822.jpg,https://www.metro.ca/en/online-grocery/search-page-24
,Bag Of Small Red Apple,2 lb,"$2.99
 ea.",,$0.33 /100g,"Regular price
$3.99  ea.","Valid until Jan 10, 2024",https://product-images.metro.ca/images/h49/hfc/8925605593118.jpg,https://www.metro.ca/en/online-grocery/search-page-24
QUÉBON,"35% Whipping Cream, Ultra'Cream",237 mL,"$3.49
 ea.",,$1.47 /100ml,"Regular price
$4.49  ea.","Valid until Feb 14, 2024",,https://www.metro.ca/en/online-grocery/search-page-24
,Sirloin Tip Steaks,2 steaks per tray,"$9.25
 avg. ea.",(300 g avg.),$30.84 /kg$13.99 /lb.,,,https://product-images.metro.ca/images/h37/h21/11521229651998.jpg,https://www.metro.ca/en/online-grocery/search-page-24
ESKA,Natural Spring Water,12x500 mL,"$4.99
 ea.",,$0.08 /100ml,,,https://product-images.metro.ca/images/h33/he4/9836173688862.jpg,https://www.metro.ca/en/online-grocery/search-page-24
ACTIVIA,2.9% Raspberry Flavoured Probiotic Yogurt,650 g,"2 / 
$7.50",,or $5.49 ea. $0.58 /100g,,"Valid until Feb 14, 2024",https://product-images.metro.ca/images/hd6/h4a/11693720961054.jpg,https://www.metro.ca/en/online-grocery/search-page-24
PEPSI,"Soft Drink, Mini",6x222 mL,"2 / 
$8.00",,$0.30 /100ml,"Regular price
$4.99  ea.","Valid until Jan 24, 2024",,https://www.metro.ca/en/online-grocery/search-page-25
KNORR,Demi-Glace Sauce Mix,1 un,"$2.49
 ea.",,$2.49 /un.,,,https://product-images.metro.ca/images/h30/h83/11857605656606.jpg,https://www.metro.ca/en/online-grocery/search-page-25
CAVENDISH FARMS,Frozen Potato Patties,600 g,"$4.99
 ea.",,$0.83 /100g,,,https://product-images.metro.ca/images/ha4/he5/10201474007070.jpg,https://www.metro.ca/en/online-grocery/search-page-25
,Asian Yellow Pear,,"$2.21
 avg. ea.",(335 g avg.),$6.59 /kg$2.99 /lb.,"Regular price
$8.80  avg. kg","Valid until Jan 10, 2024",https://product-images.metro.ca/images/h34/ha3/8872794292254.jpg,https://www.metro.ca/en/online-grocery/search-page-25
TWININGS,Earl Grey Tea,100 un,"$16.99
 ea.",,$0.17 /un.,,,https://product-images.metro.ca/images/hb8/h62/11665352359966.jpg,https://www.metro.ca/en/online-grocery/search-page-25
SELECTION,"Sliced White Bread, Soft",675 g,"$2.99
 ea.",,$0.44 /100g,"Regular price
$3.59  ea.","Valid until Jan 10, 2024",,https://www.metro.ca/en/online-grocery/search-page-25
SELECTION,Sliced Mushrooms,284 mL,"$1.49
 ea.",,$0.52 /100ml,"Regular price
$1.99  ea.","Valid until Jan 24, 2024",https://product-images.metro.ca/images/h57/ha0/10402315206686.jpg,https://www.metro.ca/en/online-grocery/search-page-25
IRRESISTIBLES,"Frozen Thin Crust Margherita Pizza, Gusto Italiano",390 g,"$5.49
 ea.",,$1.41 /100g,,,,https://www.metro.ca/en/online-grocery/search-page-25
,Cap Off Boston Top Sirloin Steak,,"$8.81
 avg. ea.",(250 g avg.),$35.25 /kg$15.99 /lb.,,,https://product-images.metro.ca/images/h7a/ha7/8893561208862.jpg,https://www.metro.ca/en/online-grocery/search-page-25
VH,"Mild Garlic Rib Cooking Sauce, Chinese",341 mL,"2 / 
$8.00",,$1.17 /100ml,"Regular price
$4.69  ea.","Valid until Jan 24, 2024",,https://www.metro.ca/en/online-grocery/search-page-25
HEINZ,Tomato Ketchup,375 mL,"$4.29
 ea.",,$1.14 /100ml,,,https://product-images.metro.ca/images/hb2/heb/9986926641182.jpg,https://www.metro.ca/en/online-grocery/search-page-25
PERRIER,Carbonated Natural Spring Water,6x1 L,"$13.99
 ea.",,$0.23 /100ml,,,https://product-images.metro.ca/images/hde/h91/11728538501150.jpg,https://www.metro.ca/en/online-grocery/search-page-25
PASTENE,Low Sodium Tomato Paste,156 mL,"$1.79
 ea.",,$1.15 /100ml,,,https://product-images.metro.ca/images/hbc/heb/10509547765790.jpg,https://www.metro.ca/en/online-grocery/search-page-25
DAINTY,Cooked Pilaf Rice,350 g,"$2.99
 ea.",,$0.85 /100g,,,https://product-images.metro.ca/images/heb/h71/10715249639454.jpg,https://www.metro.ca/en/online-grocery/search-page-25
FRANK'S,"Mild Wing Sauce, RedHot",354 mL,"$5.29
 ea.",,$1.49 /100ml,,,,https://www.metro.ca/en/online-grocery/search-page-25
NOREL,Grand-Mère Cretons,300 g,"$6.99
 ea.",,$2.33 /100g,,,https://product-images.metro.ca/images/h93/h2d/10250209034270.jpg,https://www.metro.ca/en/online-grocery/search-page-25
PERRIER,Lemon Flavoured Carbonated Natural Spring Water,1 L,"$2.79
 ea.",,$0.28 /100ml,,,https://product-images.metro.ca/images/h7d/hd9/11728525590558.jpg,https://www.metro.ca/en/online-grocery/search-page-25
IRRESISTIBLES,Round Naan Bread,8x30 g,"2 / 
$7.00",,or $3.99 ea. $1.46 /100g,"Regular price
$4.29  ea.","Valid until Jan 10, 2024",https://product-images.metro.ca/images/h41/h0f/8902699352094.jpg,https://www.metro.ca/en/online-grocery/search-page-25
MASTRO,Cooked Hot Capicollo,,"$2.79
 / 100 g",,$27.90 /kg$12.66 /lb.,"Regular price
$29.90  / kg","Valid until Jan 17, 2024",https://product-images.metro.ca/images/h50/hee/8820003110942.jpg,https://www.metro.ca/en/online-grocery/search-page-25
METROGO!,Fruit Salad,Small,"$3.99
 ea.",,$1.06 /100g,,,https://product-images.metro.ca/images/hf1/h22/8837216567326.jpg,https://www.metro.ca/en/online-grocery/search-page-25
SAN PELLEGRINO,Carbonated Natural Mineral Water,1 L,"$2.79
 ea.",,$0.28 /100ml,,,https://product-images.metro.ca/images/h2b/h46/9514514350110.jpg,https://www.metro.ca/en/online-grocery/search-page-25
REAL DAIRY,Vanilla Flavoured Ice Cream,1.5 L,"$5.99
 ea.",,$0.40 /100ml,"Regular price
$7.99  ea.","Valid until Jan 24, 2024",https://product-images.metro.ca/images/h54/h81/11754048880670.jpg,https://www.metro.ca/en/online-grocery/search-page-25
METROGO!,Chicken Spread Stuffed Buns,145 g,"$3.99
 ea.",,$2.75 /100g,,,https://product-images.metro.ca/images/h7d/h17/11926703407134.jpg,https://www.metro.ca/en/online-grocery/search-page-25
CLASSICO,"Alfredo Pasta Sauce, Di Roma",410 mL,"$5.49
 ea.",,$1.34 /100ml,,,,https://www.metro.ca/en/online-grocery/search-page-25
CLASSICO,"Four Cheese Pasta Sauce, Di Parma",650 mL,"$5.49
 ea.",,$0.84 /100ml,,,,https://www.metro.ca/en/online-grocery/search-page-25
OKA,Aged Cheese,1 piece,"$8.89
 avg. ea.",(165 g avg.),$53.90 /kg$24.45 /lb.,,,https://product-images.metro.ca/images/hbe/hc2/10967808835614.jpg,https://www.metro.ca/en/online-grocery/search-page-25
BEATRICE,2% Cottage Cheese,500 g,"$3.99
 ea.",,$0.80 /100g,"Regular price
$4.99  ea.","Valid until Feb 14, 2024",https://product-images.metro.ca/images/hc7/h7f/11243917180958.jpg,https://www.metro.ca/en/online-grocery/search-page-25
SELECTION,"Brownies Bites, Moist And Fudgy",300 g,"$5.99
 ea.",,$2.00 /100g,"Regular price
$6.79  ea.","Valid until Jan 17, 2024",,https://www.metro.ca/en/online-grocery/search-page-25
OASIS,Pineapple Juice,960 mL,"$2.39
 ea.",,$0.25 /100ml,,,https://product-images.metro.ca/images/h22/h42/11412563984414.jpg,https://www.metro.ca/en/online-grocery/search-page-25
METROGO!,Meat Sauce,400 mL,"$6.99
 ea.",,$1.75 /100ml,,,https://product-images.metro.ca/images/he8/h6c/11926677946398.jpg,https://www.metro.ca/en/online-grocery/search-page-25
SELECTION,Ready-To-Use Fat-Free Chicken Broth,900 mL,"$2.00
 ea.",,$0.22 /100ml,"Regular price
$2.29  ea.","Valid until Jan 24, 2024",https://product-images.metro.ca/images/hbf/h77/8848721707038.jpg,https://www.metro.ca/en/online-grocery/search-page-25
PEEK FREANS,Family Digestive Cookies,300 g,"$3.79
 ea.",,$1.26 /100g,"Regular price
$4.99  ea.","Valid until Jan 24, 2024",https://product-images.metro.ca/images/h00/h49/11849422471198.jpg,https://www.metro.ca/en/online-grocery/search-page-25
,Oatmeal Cookies,6 cookies x 76 g,"$5.99
 ea.",,$1.31 /100g,"Regular price
$6.99  ea.","Valid until Jan 10, 2024",https://product-images.metro.ca/images/he4/h9b/8899923705886.jpg,https://www.metro.ca/en/online-grocery/search-page-25
SELECTION,Light Feta Cheese,200 g,"$5.79
 ea.",,$2.90 /100g,"Regular price
$5.99  ea.","Valid until Jan 17, 2024",https://product-images.metro.ca/images/h60/hdb/11679615844382.jpg,https://www.metro.ca/en/online-grocery/search-page-26
ACTIVIA,2.9% Cherry Flavoured Probiotic Yogurt,650 g,"2 / 
$7.50",,or $5.49 ea. $0.58 /100g,,"Valid until Feb 14, 2024",https://product-images.metro.ca/images/hb6/h82/11627054071838.jpg,https://www.metro.ca/en/online-grocery/search-page-26
MERIT,White Bread,540 g,"$4.49
 ea.",,$1.01 /100g,,,https://product-images.metro.ca/images/h8b/hee/8935511293982.jpg,https://www.metro.ca/en/online-grocery/search-page-26
MR. NOODLES,Chicken Flavour Instant Noodles,85 g,"2 / 
$1.00",,$0.59 /100g,"Regular price
$0.75  ea.","Valid until Jan 24, 2024",https://product-images.metro.ca/images/h76/he5/8845196656670.jpg,https://www.metro.ca/en/online-grocery/search-page-26
AMSTEL ULTRA,Dutch Light Lager Beer,6x355 mL,"$13.49
 ea.",,$0.63 /100ml,"Regular price
$15.49  ea.","Valid until Feb 7, 2024",https://product-images.metro.ca/images/h02/h48/11101237149726.jpg,https://www.metro.ca/en/online-grocery/search-page-26
LECLERC,Café Au Lait Wafer Cookies With A Milk Chocolate Coa...,240 g,"$4.49
 ea.",,$1.87 /100g,,,,https://www.metro.ca/en/online-grocery/search-page-26
ST-MÉTHODE,"100% Whole Wheat Sliced Bread, Campagnolo",650 g,"$5.39
 ea.",,$0.83 /100g,,,,https://www.metro.ca/en/online-grocery/search-page-26
OLD EL PASO,Taco Seasoning Mix,24 g,"2 / 
$3.00",,$6.25 /100g,"Regular price
$2.49  ea.","Valid until Jan 24, 2024",https://product-images.metro.ca/images/hc4/h06/12354387640350.jpg,https://www.metro.ca/en/online-grocery/search-page-26
SELECTION,Light Tuna Chunks In Water,170 g,"$1.39
 ea.",,$0.82 /100g,"Regular price
$1.99  ea.","Valid until Jan 24, 2024",https://product-images.metro.ca/images/h44/hef/10029191921694.jpg,https://www.metro.ca/en/online-grocery/search-page-26
CHOLULA,Original Hot Sauce,150 mL,"$7.99
 ea.",,$5.33 /100ml,,,https://product-images.metro.ca/images/ha9/h75/11205140217886.jpg,https://www.metro.ca/en/online-grocery/search-page-26
TROPICANA,Homestyle Orange Juice With Some Pulp,2.63 L,"$9.29
 ea.",,$0.35 /100ml,,,https://product-images.metro.ca/images/h61/h85/9514550788126.jpg,https://www.metro.ca/en/online-grocery/search-page-26
,Beef Strips,1 pack,"$7.27
 avg. ea.",(300 g avg.),$24.23 /kg$10.99 /lb.,,,https://product-images.metro.ca/images/hb4/hb0/11868098035742.jpg,https://www.metro.ca/en/online-grocery/search-page-26
,Red Cabbage,,"$7.77
 avg. ea.","(1,770 g avg.)",$4.39 /kg$1.99 /lb.,,,https://product-images.metro.ca/images/hd7/h04/8832825360414.jpg,https://www.metro.ca/en/online-grocery/search-page-26
DARE,"Molasses Soft Cookies, Bear Paws",240 g,"$4.69
 ea.",,$1.95 /100g,,,,https://www.metro.ca/en/online-grocery/search-page-26
LECLERC,"Butter Cookies Topped With 70% Cocoa Dark Chocolate,...",240 g,"$4.49
 ea.",,$1.87 /100g,,,,https://www.metro.ca/en/online-grocery/search-page-26
IRRESISTIBLES,Frozen New York Style Cheesecake Assortment,12 un - 1 kg,"$25.49
 ea.",,$2.55 /100g,,,https://product-images.metro.ca/images/hba/hff/10882780528670.jpg,https://www.metro.ca/en/online-grocery/search-page-26
IRRESISTIBLES,Hearts Of Palm,398 mL,"$3.99
 ea.",,$1.00 /100ml,"Regular price
$4.49  ea.","Valid until Jan 24, 2024",https://product-images.metro.ca/images/ha3/h8f/9519109898270.jpg,https://www.metro.ca/en/online-grocery/search-page-26
LIPTON,Reduced Salt Chicken Noodle Soup Mix,4 un,"$3.99
 ea.",,$1.00 /un.,,,https://product-images.metro.ca/images/ha7/ha0/11381595701278.jpg,https://www.metro.ca/en/online-grocery/search-page-26
BÙ,"Italian White Wine, Splendido",750 mL,"$17.29
 ea.",,$2.31 /100ml,,,,https://www.metro.ca/en/online-grocery/search-page-26
IRRESISTIBLES,Classic Vanilla Ice Cream,1.5 L,"$5.49
 ea.",,$0.37 /100ml,"Regular price
$7.29  ea.","Valid until Jan 10, 2024",https://product-images.metro.ca/images/hc7/haf/9963057053726.jpg,https://www.metro.ca/en/online-grocery/search-page-26
IRRESISTIBLES,Whipped Cream In Aerosol,225 g,"$4.69
 ea.",,$2.08 /100g,,,https://product-images.metro.ca/images/h9d/he6/9271192682526.jpg,https://www.metro.ca/en/online-grocery/search-page-26
SELECTION,Cream Cheese,227 g,"$3.49
 ea.",,$1.54 /100g,"Regular price
$3.99  ea.","Valid until Feb 14, 2024",https://product-images.metro.ca/images/h3f/hc9/10904144642078.jpg,https://www.metro.ca/en/online-grocery/search-page-26
OIKOS,0% Cherry Flavoured Greek Yogurt,4x100 g,"3 / 
$9.99",,or $4.99 ea. $0.83 /100g,,"Valid until Feb 14, 2024",https://product-images.metro.ca/images/he9/h72/11570815107102.jpg,https://www.metro.ca/en/online-grocery/search-page-26
IRRESISTIBLES,Frozen Angus Beef Meatballs,680 g,"$11.99
 ea.",,$1.76 /100g,,,https://product-images.metro.ca/images/h6b/h28/9138069045278.jpg,https://www.metro.ca/en/online-grocery/search-page-26
NESTLÉ,"Chocolate Bar, Coffee Crisp",50 g,"$1.59
 ea.",,$3.18 /100g,,,,https://www.metro.ca/en/online-grocery/search-page-26
SARA LEE,Oatmeal Cookies With Chocolate Chunks,300 g,"3 / 
$10.97",,or $4.99 ea. $1.22 /100g,"Regular price
$5.49  ea.","Valid until Jan 10, 2024",https://product-images.metro.ca/images/hec/ha0/10821305565214.jpg,https://www.metro.ca/en/online-grocery/search-page-26
NESCAFÉ,"Classic Instant Coffee, Taster'S Choice",100 g,"$8.49
 ea.",,$8.49 /100g,,,,https://www.metro.ca/en/online-grocery/search-page-26
,"Boneless Pork Chops, Center Cut, Brown & Serve",6 chops per tray,"$10.90
 avg. ea.",(550 g avg.),$19.82 /kg$8.99 /lb.,,,https://product-images.metro.ca/images/hb7/h11/9233854758942.jpg,https://www.metro.ca/en/online-grocery/search-page-26
HÄAGEN-DAZS,Chocolate And Almond Coated Vanilla Ice Cream Bars,3x88 mL,"$4.99
 ea.",,$1.89 /100ml,"Regular price
$6.69  ea.","Valid until Jan 24, 2024",https://product-images.metro.ca/images/h3d/h35/11412491141150.jpg,https://www.metro.ca/en/online-grocery/search-page-26
SELECTION,Tomato Juice,540 mL,"$1.59
 ea.",,$0.29 /100ml,"Regular price
$1.99  ea.","Valid until Jan 24, 2024",https://product-images.metro.ca/images/hd4/hcf/9693790699550.jpg,https://www.metro.ca/en/online-grocery/search-page-26
PASTENE,Spiced Diced Tomatoes,796 mL,"$3.69
 ea.",,$0.46 /100ml,,,https://product-images.metro.ca/images/h96/ha6/11157672656926.jpg,https://www.metro.ca/en/online-grocery/search-page-26
FRESH ATTITUDE,Arugula,312 g,"$6.99
 ea.",,$2.24 /100g,,,https://product-images.metro.ca/images/h44/h3e/11883420254238.jpg,https://www.metro.ca/en/online-grocery/search-page-26
MAPLE LEAF,Naturally Smoked Bacon,375 g,"$8.99
 ea.",,$2.40 /100g,,,https://product-images.metro.ca/images/h9d/hb6/10402295021598.jpg,https://www.metro.ca/en/online-grocery/search-page-27
HUNT'S,Garlic Flavoured Tomato Paste,156 mL,"$1.79
 ea.",,$1.15 /100ml,,,https://product-images.metro.ca/images/h99/h86/9702990905374.jpg,https://www.metro.ca/en/online-grocery/search-page-27
EARTH'S OWN,Original Flavour Unsweetened Fortified Almond Bevera...,1.89 L,"$4.79
 ea.",,$0.25 /100ml,,,,https://www.metro.ca/en/online-grocery/search-page-27
,Boneless Top Sirloin Roast,320 g,"$33.05
 avg. ea.","(1,000 g avg.)",$33.05 /kg$14.99 /lb.,,,https://product-images.metro.ca/images/h10/h94/9096818032670.jpg,https://www.metro.ca/en/online-grocery/search-page-27
CLUB HOUSE,Ground Cinnamon,125 g,"$9.49
 ea.",,$7.59 /100g,,,https://product-images.metro.ca/images/h79/h84/10170573357086.jpg,https://www.metro.ca/en/online-grocery/search-page-27
SKINNY POP,Popcorn,125 g,"$4.99
 ea.",,$3.99 /100g,,,https://product-images.metro.ca/images/h90/h46/11492950409246.jpg,https://www.metro.ca/en/online-grocery/search-page-27
LA PETITE BRETONNE,"Mini Chocolatines, Mini Choco",400 g,"$6.29
 ea.",,$1.57 /100g,,,,https://www.metro.ca/en/online-grocery/search-page-27
DARE,"Veggie Bite Size Crackers, Breton",200 g,"$1.99
 ea.",,$1.00 /100g,"Regular price
$4.29  ea.","Valid until Jan 10, 2024",,https://www.metro.ca/en/online-grocery/search-page-27
HERSHEY'S,"Peanut Butter Cups, Reese'S",3x15.3 g,"$1.69
 ea.",,$3.67 /100g,,,,https://www.metro.ca/en/online-grocery/search-page-27
CLUB HOUSE,Onion Powder,116 g,"$7.29
 ea.",,$6.28 /100g,,,https://product-images.metro.ca/images/h0e/hb4/10134481960990.jpg,https://www.metro.ca/en/online-grocery/search-page-27
SELECTION,Whole Wheat English Muffins,6 un - 342 g,"2 / 
$7.00",,$1.02 /100g,"Regular price
$3.69  ea.","Valid until Jan 10, 2024",https://product-images.metro.ca/images/h39/hf1/9519205646366.jpg,https://www.metro.ca/en/online-grocery/search-page-27
IRRESISTIBLES,Garlic Butter,125 g,"$3.59
 ea.",,$2.87 /100g,,,https://product-images.metro.ca/images/h8a/hb3/9098471014430.jpg,https://www.metro.ca/en/online-grocery/search-page-27
VACHON,Passion Flakie® Apple-Raspberry Flaky Pastries,6 un - 305 g,"3 / 
$10.97",,or $4.99 ea. $0.61 /un.,"Regular price
$5.29  ea.","Valid until Jan 10, 2024",https://product-images.metro.ca/images/h8a/ha1/10715322187806.jpg,https://www.metro.ca/en/online-grocery/search-page-27
IÖGO,"1% Strawberry Flavoured Drinkable Yogurt, Nanö",6x93 mL,"$5.79
 ea.",,$1.04 /100ml,,,,https://www.metro.ca/en/online-grocery/search-page-27
CLUB HOUSE,"Montreal Steak Spice Seasoning, La Grille",188 g,"$6.49
 ea.",,$3.45 /100g,,,,https://www.metro.ca/en/online-grocery/search-page-27
CLOVER LEAF,Skipjack Light Tuna Chunks,170 g,"$1.99
 ea.",,$1.17 /100g,"Regular price
$2.49  ea.","Valid until Jan 10, 2024",https://product-images.metro.ca/images/hc7/hfb/11492986224670.jpg,https://www.metro.ca/en/online-grocery/search-page-27
,Organic Red Cluster Tomatoes,Approximately 5 tomatoes per cluster,"$7.67
 avg. ea.",(775 g avg.),$9.90 /kg$4.49 /lb.,"Regular price
$13.21  avg. kg","Valid until Jan 10, 2024",https://product-images.metro.ca/images/h2f/h5c/9363121111070.jpg,https://www.metro.ca/en/online-grocery/search-page-27
PRIMO,Canned Red Kidney Beans,540 mL,"$2.69
 ea.",,$0.50 /100ml,,,https://product-images.metro.ca/images/h53/h31/11679621709854.jpg,https://www.metro.ca/en/online-grocery/search-page-27
ST-MÉTHODE,100% Whole Wheat Bread,500 g,"2 / 
$8.78",,or $5.39 ea. $0.88 /100g,,"Valid until Jan 10, 2024",https://product-images.metro.ca/images/hd6/hcd/10123685134366.jpg,https://www.metro.ca/en/online-grocery/search-page-27
BEATRICE,14% Sour Cream,250 mL,"$3.39
 ea.",,$1.36 /100ml,,,https://product-images.metro.ca/images/hf5/ha5/11157665251358.jpg,https://www.metro.ca/en/online-grocery/search-page-27
OASIS,Tropical Passion Fruit Juice,960 mL,"$2.39
 ea.",,$0.25 /100ml,,,https://product-images.metro.ca/images/h0e/h2b/10270108516382.jpg,https://www.metro.ca/en/online-grocery/search-page-27
OIKOS,2% Blueberry Greek Yogurts,4x100 g,"3 / 
$9.99",,or $4.99 ea. $0.83 /100g,,"Valid until Feb 14, 2024",https://product-images.metro.ca/images/h22/hb1/11570818678814.jpg,https://www.metro.ca/en/online-grocery/search-page-27
METROGO!,"Cold Cut Submarine Sandwich, Value Pack",,"$13.99
 ea.",,$2.33 /100g,,,,https://www.metro.ca/en/online-grocery/search-page-27
TRE STELLE,Light Traditional Feta Cheese,200 g,"$6.99
 ea.",,$3.50 /100g,"Regular price
$7.29  ea.","Valid until Jan 17, 2024",https://product-images.metro.ca/images/h48/h95/11693720272926.jpg,https://www.metro.ca/en/online-grocery/search-page-27
THE LAUGHING COW,Processed Cheese Spread,8x16.6 g,"$3.79
 ea.",,$2.85 /100g,"Regular price
$4.79  ea.","Valid until Jan 10, 2024",https://product-images.metro.ca/images/h0d/hc4/11693712769054.jpg,https://www.metro.ca/en/online-grocery/search-page-27
PLAISIRS GASTRONOMIQUES,Chicken Salad,360 g,"$8.99
 ea.",,$2.50 /100g,"Regular price
$9.99  ea.","Valid until Jan 10, 2024",https://product-images.metro.ca/images/h6f/h89/11754118283294.jpg,https://www.metro.ca/en/online-grocery/search-page-27
BEATRICE,2% Milk,1 L,"$2.17
 ea.",,$0.22 /100ml,,,https://product-images.metro.ca/images/hc1/h4d/12230524043294.jpg,https://www.metro.ca/en/online-grocery/search-page-27
PURE LEAF,Lemon Flavoured Iced Tea,1.75 L,"$6.79
 ea.",,$0.39 /100ml,,,https://product-images.metro.ca/images/h31/hb8/9514560847902.jpg,https://www.metro.ca/en/online-grocery/search-page-27
LA BOUCANERIE,Sliced Smoked Steelhead Salmon,85 g,"$8.99
 ea.",,$10.58 /100g,,,https://product-images.metro.ca/images/hef/h94/12156427206686.jpg,https://www.metro.ca/en/online-grocery/search-page-27
HÄAGEN-DAZS,Chocolate And Almond Coated Mini Vanilla Ice Cream B...,4x55 mL,"$4.99
 ea.",,$2.27 /100ml,"Regular price
$6.69  ea.","Valid until Jan 24, 2024",,https://www.metro.ca/en/online-grocery/search-page-27
ST-HUBERT,Ragoût Sauce Mix,50 g,"3 / 
$5.00",,$3.33 /100g,"Regular price
$2.39  ea.","Valid until Jan 10, 2024",https://product-images.metro.ca/images/ha9/ha1/10170593607710.jpg,https://www.metro.ca/en/online-grocery/search-page-27
LA FROMAGERIE BOIVIN,Le Petit Crémeux Cheese Spread,400 g,"$6.99
 ea.",,$1.75 /100g,,,https://product-images.metro.ca/images/h06/hce/11574077882398.jpg,https://www.metro.ca/en/online-grocery/search-page-27
SELECTION,Onion Soup Mix,4 un,"2 / 
$5.00",,$0.63 /un.,"Regular price
$3.49  ea.","Valid until Jan 10, 2024",https://www.metro.ca/images/shared/placeholders/icon-no-picture.svg?v=2023.71.1.d1,https://www.metro.ca/en/online-grocery/search-page-27
LAFLEUR,Light Pork And Beef Sausages,375 g,"$6.29
 ea.",,$1.68 /100g,,,https://product-images.metro.ca/images/h8a/hbd/11994725974046.jpg,https://www.metro.ca/en/online-grocery/search-page-28
IRRESISTIBLES,"Six Bean Mix, Life Smart",540 mL,"$2.49
 ea.",,$0.46 /100ml,,,,https://www.metro.ca/en/online-grocery/search-page-28
SELECTION,Plain Bagels,6 un - 510 g,"$4.49
 ea.",,$0.88 /100g,,,https://product-images.metro.ca/images/h38/h7b/8850087870494.jpg,https://www.metro.ca/en/online-grocery/search-page-28
QUE PASA,Organic Blue Corn Tortilla Chips,350 g,"$4.99
 ea.",,$1.43 /100g,,,https://product-images.metro.ca/images/h09/h35/11493015191582.jpg,https://www.metro.ca/en/online-grocery/search-page-28
SELECTION,English Muffins,12 un - 684 g,"$5.29
 ea.",,$0.77 /100g,,,https://product-images.metro.ca/images/h0d/h0d/9519206334494.jpg,https://www.metro.ca/en/online-grocery/search-page-28
IRRESISTIBLES,Frozen Cooked Pacific White Shrimp,"340 g, size 51-60","$10.00
 ea.",,$2.94 /100g,"Regular price
$10.99  ea.","Valid until Jan 17, 2024",https://product-images.metro.ca/images/h27/h2b/8950050652190.jpg,https://www.metro.ca/en/online-grocery/search-page-28
IRRESISTIBLES,Panko Breadcrumbs,227 g,"$2.49
 ea.",,$1.10 /100g,"Regular price
$2.99  ea.","Valid until Jan 24, 2024",https://product-images.metro.ca/images/h7d/haf/9518762819614.jpg,https://www.metro.ca/en/online-grocery/search-page-28
CAMPBELL'S,Condensed Vegetable Soup,284 mL,"$1.79
 ea.",,$0.63 /100ml,"Regular price
$2.49  ea.","Valid until Jan 24, 2024",https://product-images.metro.ca/images/h17/hdc/10300119285790.jpg,https://www.metro.ca/en/online-grocery/search-page-28
SELECTION,"Canola Oil, Value Pack",3 L,"$10.99
 ea.",,$0.37 /100ml,,,,https://www.metro.ca/en/online-grocery/search-page-28
PREMIÈRE MOISSON,Large Country-Style Loaf,700 g,"2 / 
$10.00",,or $5.49 ea. $0.71 /100g,,"Valid until Jan 17, 2024",https://product-images.metro.ca/images/h8a/h65/11541088993310.jpg,https://www.metro.ca/en/online-grocery/search-page-28
CLOVER LEAF,Wild Red Pacific Sockeye Salmon,213 g,"$7.49
 ea.",,$3.52 /100g,,,https://product-images.metro.ca/images/h45/haf/11627068588062.jpg,https://www.metro.ca/en/online-grocery/search-page-28
METROGO!,Cretons,,"$3.88
 avg. ea.",(195 g avg.),$19.90 /kg$9.03 /lb.,,,https://product-images.metro.ca/images/h39/h6d/11926716416030.jpg,https://www.metro.ca/en/online-grocery/search-page-28
7UP,Soft Drink,6x222 mL,"2 / 
$8.00",,$0.30 /100ml,"Regular price
$4.99  ea.","Valid until Jan 24, 2024",https://product-images.metro.ca/images/he8/h69/10139300757534.jpg,https://www.metro.ca/en/online-grocery/search-page-28
ACTIVIA,2.9% Strawberry Flavoured Probiotic Yogurt,650 g,"2 / 
$7.50",,or $5.49 ea. $0.58 /100g,,"Valid until Feb 14, 2024",https://product-images.metro.ca/images/h98/h68/11816804450334.jpg,https://www.metro.ca/en/online-grocery/search-page-28
SELECTION,Mayonnaise,890 mL,"$4.99
 ea.",,$0.56 /100ml,"Regular price
$5.79  ea.","Valid until Jan 24, 2024",https://product-images.metro.ca/images/had/hbd/10378881269790.jpg,https://www.metro.ca/en/online-grocery/search-page-28
MINUTE RICE,Pre-Cooked Long Grain White Rice,1.4 kg,"$7.99
 ea.",,$0.57 /100g,"Regular price
$8.79  ea.","Valid until Jan 24, 2024",https://product-images.metro.ca/images/hec/hcc/10685960585246.jpg,https://www.metro.ca/en/online-grocery/search-page-28
CAVENDISH FARMS,Frozen Straight Cut Fries,1 kg,"$5.79
 ea.",,$0.58 /100g,,,https://product-images.metro.ca/images/hfa/h4c/10220793200670.jpg,https://www.metro.ca/en/online-grocery/search-page-28
MAPLE LEAF,"Original Wieners, Natural Top Dogs",375 g,"$7.29
 ea.",,$1.94 /100g,,,,https://www.metro.ca/en/online-grocery/search-page-28
MÈRE MICHEL,Black Forest Smoked Ham,,"$3.29
 / 100 g",,$32.90 /kg$14.92 /lb.,"Regular price
$35.90  / kg","Valid until Jan 10, 2024",https://product-images.metro.ca/images/hdb/h14/9043187007518.jpg,https://www.metro.ca/en/online-grocery/search-page-28
METROGO!,Ham Spread Sandwich,140 g,"$4.29
 ea.",,$3.06 /100g,,,https://product-images.metro.ca/images/ha9/hf3/11926659137566.jpg,https://www.metro.ca/en/online-grocery/search-page-28
E.D.SMITH,Pure Pumpkin Puree,796 mL,"$6.99
 ea.",,$0.88 /100ml,,,https://product-images.metro.ca/images/h34/h6e/9526928932894.jpg,https://www.metro.ca/en/online-grocery/search-page-28
SELECTION,Natural Spring Water,24x500 mL,"$3.99
 ea.",,$0.03 /100ml,"Regular price
$4.59  ea.","Valid until Feb 7, 2024",https://product-images.metro.ca/images/hda/h9e/9011390578718.jpg,https://www.metro.ca/en/online-grocery/search-page-28
KRAFT,Original Bbq Sauce,455 mL,"$3.99
 ea.",,$0.88 /100ml,,,https://product-images.metro.ca/images/h72/h4d/9986906292254.jpg,https://www.metro.ca/en/online-grocery/search-page-28
PRIMO,Diced Plum Tomatoes,796 mL,"$2.49
 ea.",,$0.31 /100ml,"Regular price
$3.19  ea.","Valid until Jan 24, 2024",https://product-images.metro.ca/images/h65/h82/11117360152606.jpg,https://www.metro.ca/en/online-grocery/search-page-28
ESKA,Carbonated Spring Water,1 L,"$1.29
 ea.",,$0.13 /100ml,"Regular price
$1.59  ea.","Valid until Feb 7, 2024",https://product-images.metro.ca/images/hac/ha6/10268203221022.jpg,https://www.metro.ca/en/online-grocery/search-page-28
MCCAIN,"Frozen Chocolate Cake, Deep'N Delicious",510 g,"$7.49
 ea.",,$1.47 /100g,,,,https://www.metro.ca/en/online-grocery/search-page-28
BEATRICE,2% Milk,2 L,"$4.29
 ea.",,$0.21 /100ml,,,https://product-images.metro.ca/images/h7a/h85/12230526304286.jpg,https://www.metro.ca/en/online-grocery/search-page-28
METROGO!,Beef Skewers With Vegetables,2 kabobs per tray,"$10.90
 avg. ea.",(450 g avg.),$24.23 /kg$10.99 /lb.,"Regular price
$26.43  avg. kg","Valid until Jan 10, 2024",https://product-images.metro.ca/images/hb5/hb7/11044796858398.jpg,https://www.metro.ca/en/online-grocery/search-page-28
DARE,"Strawberry Soft Oatmeal Cookies, Maxi Fruits",280 g,"$1.99
 ea.",,$0.71 /100g,"Regular price
$4.49  ea.","Valid until Jan 10, 2024",,https://www.metro.ca/en/online-grocery/search-page-28
CANADA DRY,Ginger Ale,6x222 mL,"2 / 
$8.00",,$0.30 /100ml,"Regular price
$5.79  ea.","Valid until Jan 24, 2024",https://product-images.metro.ca/images/hdf/h12/11349033517086.jpg,https://www.metro.ca/en/online-grocery/search-page-28
CATELLI,"Spaghetti, Classic",500 g,"$2.99
 ea.",,$0.60 /100g,,,,https://www.metro.ca/en/online-grocery/search-page-28
,Chicken Drumsticks,5 drumsticks per tray,"$5.83
 avg. ea.",(530 g avg.),$11.00 /kg$4.99 /lb.,,,https://product-images.metro.ca/images/h28/hae/8886572777502.jpg,https://www.metro.ca/en/online-grocery/search-page-28
,Beef Flank Steak,,"$19.17
 avg. ea.",(300 g avg.),$63.91 /kg$28.99 /lb.,,,https://product-images.metro.ca/images/h26/hb7/9233849188382.jpg,https://www.metro.ca/en/online-grocery/search-page-28
PRIMO,Chickpeas (Garbanzo Beans),540 mL,"$2.69
 ea.",,$0.50 /100ml,,,https://product-images.metro.ca/images/hf6/hf1/11521173094430.jpg,https://www.metro.ca/en/online-grocery/search-page-29
CAMPBELL'S,Ready To Use Beef Broth,900 mL,"$2.99
 ea.",,$0.33 /100ml,,,https://product-images.metro.ca/images/h6c/hb2/11693735378974.jpg,https://www.metro.ca/en/online-grocery/search-page-29
SELECTION,Reduced Salt Regular Chips,200 g,"2 / 
$4.00",,$1.00 /100g,"Regular price
$2.79  ea.","Valid until Jan 24, 2024",https://product-images.metro.ca/images/h2c/h5d/11521066860574.jpg,https://www.metro.ca/en/online-grocery/search-page-29
SELECTION,1-Ply Table Napkins,500 un,"$7.29
 ea.",,$0.01 /un.,,,https://product-images.metro.ca/images/h07/h7d/10183763787806.jpg,https://www.metro.ca/en/online-grocery/search-page-29
SELECTION,Honey,375 g,"$5.99
 ea.",,$1.60 /100g,"Regular price
$6.99  ea.","Valid until Feb 7, 2024",https://product-images.metro.ca/images/h91/h5b/10715219722270.jpg,https://www.metro.ca/en/online-grocery/search-page-29
MONTELLIER,Lemon Flavoured Carbonated Natural Spring Water,1 L,"$1.49
 ea.",,$0.15 /100ml,,,https://product-images.metro.ca/images/h8b/h68/11535833268254.jpg,https://www.metro.ca/en/online-grocery/search-page-29
IRRESISTIBLES,"Frozen Bacon, Ham, Mozzarella And Cheddar Cheese Pizza",360 g,"$5.49
 ea.",,$1.53 /100g,,,https://product-images.metro.ca/images/h5b/h54/9518261960734.jpg,https://www.metro.ca/en/online-grocery/search-page-29
OLYMEL,Black Forest Smoked Ham,,"$3.59
 / 100 g",,$35.90 /kg$16.28 /lb.,,,https://product-images.metro.ca/images/hac/hd3/9742400323614.jpg,https://www.metro.ca/en/online-grocery/search-page-29
DEL MONTE,"Cream Style Corn, Summer Crisp",398 mL,"$2.99
 ea.",,$0.75 /100ml,,,,https://www.metro.ca/en/online-grocery/search-page-29
IRRESISTIBLES,Frozen Salmon Pie,600 g,"$9.00
 ea.",,$1.50 /100g,"Regular price
$9.99  ea.","Valid until Jan 17, 2024",https://product-images.metro.ca/images/h27/hd2/9848553439262.jpg,https://www.metro.ca/en/online-grocery/search-page-29
CLASSICO,"Basil Pesto, Di Genova",218 mL,"$5.99
 ea.",,$2.75 /100ml,,,,https://www.metro.ca/en/online-grocery/search-page-29
LINDT,"70% Cacao Dark Chocolate Bar, Excellence",100 g,"$5.29
 ea.",,$5.29 /100g,,"Valid until Jan 10, 2024",,https://www.metro.ca/en/online-grocery/search-page-29
CLOVER LEAF,Solid Albacore White Tuna,170 g,"$3.99
 ea.",,$2.35 /100g,,,https://product-images.metro.ca/images/h75/hda/11675981447198.jpg,https://www.metro.ca/en/online-grocery/search-page-29
SELECTION,"Small Compostable Garbage Bags, Eco",20 un,"$4.29
 ea.",,$0.21 /un.,,,,https://www.metro.ca/en/online-grocery/search-page-29
ORVILLE REDENBACHER,"Extra Buttery Flavoured Popping Corn, Gourmet",492 g,"$5.49
 ea.",,$1.12 /100g,"Regular price
$6.99  ea.","Valid until Jan 24, 2024",,https://www.metro.ca/en/online-grocery/search-page-29
LA FERNANDIÈRE,Italian And German Sausage Combo,675 g,"$10.49
 ea.",,$1.55 /100g,,,https://product-images.metro.ca/images/hc1/h5b/11432672559134.jpg,https://www.metro.ca/en/online-grocery/search-page-29
SELECTION,Whole Kernel Corn,199 mL,"$1.29
 ea.",,$0.65 /100ml,"Regular price
$1.79  ea.","Valid until Jan 24, 2024",https://product-images.metro.ca/images/hf3/h3f/9658087833630.jpg,https://www.metro.ca/en/online-grocery/search-page-29
FONTAINE SANTÉ,"Hummus With Caramelized Onions, Humm!",227 g,"$4.79
 ea.",,$2.11 /100g,"Regular price
$5.29  ea.","Valid until Jan 17, 2024",,https://www.metro.ca/en/online-grocery/search-page-29
IÖGO,0% Berry Flavoured Yogurt Variety Pack,16x100 g,"$8.79
 ea.",,$0.55 /100g,,,https://product-images.metro.ca/images/h64/h19/11161691160606.jpg,https://www.metro.ca/en/online-grocery/search-page-29
UNICO,Vegetable Oil,3 L,"$13.49
 ea.",,$0.45 /100ml,"Regular price
$14.99  ea.","Valid until Feb 7, 2024",https://product-images.metro.ca/images/h91/h0a/11401316597790.jpg,https://www.metro.ca/en/online-grocery/search-page-29
PLAISIRS GASTRONOMIQUES,Confit Duck Legs,500 g,"$23.99
 ea.",,$4.80 /100g,,,https://product-images.metro.ca/images/h38/h4e/9823532810270.jpg,https://www.metro.ca/en/online-grocery/search-page-29
IRRESISTIBLES,"Goat'S Milk Cheese, Artisan",250 g,"$10.99
 ea.",,$4.40 /100g,,,,https://www.metro.ca/en/online-grocery/search-page-29
SELECTION,Shredded Pizza Cheese Blend,320 g,"$5.99
 ea.",,$1.87 /100g,"Regular price
$7.49  ea.","Valid until Feb 14, 2024",https://product-images.metro.ca/images/hb9/hdb/9518513618974.jpg,https://www.metro.ca/en/online-grocery/search-page-29
TOSTITOS,"Multigrain Tortilla Chips, Scoops",205 g,"2 / 
$8.50",,or $4.99 ea. $2.07 /100g,,"Valid until Jan 24, 2024",,https://www.metro.ca/en/online-grocery/search-page-29
PHILADELPHIA,Light Cream Cheese Spread Brick,250 g,"$6.49
 ea.",,$2.60 /100g,,,https://product-images.metro.ca/images/h18/h4e/9986796650526.jpg,https://www.metro.ca/en/online-grocery/search-page-29
OIKOS,2% Raspberry-Pomegranate Flavoured Greek Yogurts,4x100 g,"3 / 
$9.99",,or $4.99 ea. $0.83 /100g,,"Valid until Feb 14, 2024",https://product-images.metro.ca/images/h14/h82/11570799935518.jpg,https://www.metro.ca/en/online-grocery/search-page-29
DR. OETKER,"Frozen Mozzarella Thin Crust Pizza, Ristorante",325 g,"$6.99
 ea.",,$2.15 /100g,"Regular price
$7.49  ea.","Valid until Feb 14, 2024",,https://www.metro.ca/en/online-grocery/search-page-29
DARE,"Chocolate Chip Soft Cookies, Bear Paws",240 g,"$4.69
 ea.",,$1.95 /100g,,,,https://www.metro.ca/en/online-grocery/search-page-29
DIANA,Gourmet Original Bbq Sauce,500 mL,"$4.99
 ea.",,$1.00 /100ml,,,https://product-images.metro.ca/images/hd3/h55/9986903375902.jpg,https://www.metro.ca/en/online-grocery/search-page-29
SELECTION,Chicken Wieners,450 g,"$2.49
 ea.",,$0.55 /100g,"Regular price
$3.49  ea.","Valid until Jan 10, 2024",https://product-images.metro.ca/images/he1/hfe/9230118780958.jpg,https://www.metro.ca/en/online-grocery/search-page-29
SELECTION,"Windshield Washer Fluid, 4 Seasons",3.78 L,"$4.29
 ea.",,$0.11 /100ml,,,,https://www.metro.ca/en/online-grocery/search-page-29
LIBERTÉ,"0% Vanilla Yogurt, Greek",4x100 g,"$4.99
 ea.",,$1.25 /100g,,,,https://www.metro.ca/en/online-grocery/search-page-29
SELECTION,"Mixed Vegetables, Packed In Season",398 mL,"$2.29
 ea.",,$0.58 /100ml,,,,https://www.metro.ca/en/online-grocery/search-page-30
IRRESISTIBLES,Frozen Meat Lasagna,1.13 kg,"$12.99
 ea.",,$1.15 /100g,,,https://product-images.metro.ca/images/h0e/hf8/10405051695134.jpg,https://www.metro.ca/en/online-grocery/search-page-30
BUDWEISER,Blonde Lager Beer,30x355 mL - cans,"$42.99
 ea.",,$0.40 /100ml,"Regular price
$44.49  ea.","Valid until Jan 10, 2024",https://product-images.metro.ca/images/h94/hb7/9746859032606.jpg,https://www.metro.ca/en/online-grocery/search-page-30
SELECTION,Reduced Salt Soy Sauce,450 mL,"$1.99
 ea.",,$0.44 /100ml,"Regular price
$2.49  ea.","Valid until Jan 24, 2024",https://product-images.metro.ca/images/h69/h3b/9098470948894.jpg,https://www.metro.ca/en/online-grocery/search-page-30
SELECTION,Montreal Steak Spice,825 g,"$10.99
 ea.",,$1.33 /100g,,,https://product-images.metro.ca/images/h6c/h83/9249847181342.jpg,https://www.metro.ca/en/online-grocery/search-page-30
FONTAINE SANTÉ,"Hummus With Red Peppers, Humm!",227 g,"$4.79
 ea.",,$2.11 /100g,"Regular price
$5.29  ea.","Valid until Jan 17, 2024",,https://www.metro.ca/en/online-grocery/search-page-30
PREMIÈRE MOISSON,Sprouted Grain Loaf,500 g,"2 / 
$10.00",,or $5.79 ea. $1.00 /100g,,"Valid until Jan 17, 2024",https://product-images.metro.ca/images/hb1/h82/11541032566814.jpg,https://www.metro.ca/en/online-grocery/search-page-30
SELECTION,Distilled Water,4 L,"3 / 
$5.00",,$0.04 /100ml,"Regular price
$2.29  ea.","Valid until Jan 10, 2024",https://product-images.metro.ca/images/h62/h1c/9519573827614.jpg,https://www.metro.ca/en/online-grocery/search-page-30
PLANTERS,Deluxe Salted Mixed Nuts With 40% Cashews,200 g,"$4.99
 ea.",,$2.50 /100g,"Regular price
$5.99  ea.","Valid until Jan 24, 2024",https://product-images.metro.ca/images/h7d/h2c/11892979269662.jpg,https://www.metro.ca/en/online-grocery/search-page-30
SELECTION,Milk Chocolate Chips,900 g,"$9.99
 ea.",,$1.11 /100g,,,https://product-images.metro.ca/images/h33/h29/9704191328286.jpg,https://www.metro.ca/en/online-grocery/search-page-30
VACHON,Fruit Jelly Rolled Cakes With Coconut,6 un - 288 g,"3 / 
$10.97",,or $4.99 ea. $0.61 /un.,"Regular price
$5.29  ea.","Valid until Jan 10, 2024",https://product-images.metro.ca/images/h41/h84/10893959299102.jpg,https://www.metro.ca/en/online-grocery/search-page-30
DRUMSTICK,Chocolate Dipped Peanut Covered Vanilla Flavoured De...,4x140 mL,"$5.99
 ea.",,$1.07 /100ml,"Regular price
$8.79  ea.","Valid until Jan 24, 2024",,https://www.metro.ca/en/online-grocery/search-page-30
SELECTION,Miniature Marshmallows,454 g,"$3.99
 ea.",,$0.88 /100g,,,https://product-images.metro.ca/images/hd1/he7/8823758127134.jpg,https://www.metro.ca/en/online-grocery/search-page-30
ST-HUBERT,Frozen Meat Pie,800 g,"$12.99
 ea.",,$1.62 /100g,"Regular price
$13.99  ea.","Valid until Jan 10, 2024",https://product-images.metro.ca/images/h3e/hc9/11849323511838.jpg,https://www.metro.ca/en/online-grocery/search-page-30
SELECTION,Chocolate Fudge Pudding Snacks,4 un,"3 / 
$5.00",,$0.42 /un.,"Regular price
$1.99  ea.","Valid until Feb 7, 2024",https://product-images.metro.ca/images/h2c/h78/10822790021150.jpg,https://www.metro.ca/en/online-grocery/search-page-30
ST-MÉTHODE,Whole Wheat Sliced Club Bread,675 g,"2 / 
$8.78",,or $5.39 ea. $0.65 /100g,,"Valid until Jan 10, 2024",https://product-images.metro.ca/images/ha1/h69/10433069973534.jpg,https://www.metro.ca/en/online-grocery/search-page-30
CLARK,Old Fashioned Beans With Pork,398 mL,"$2.69
 ea.",,$0.68 /100ml,,,https://product-images.metro.ca/images/h52/h41/9811353042974.jpg,https://www.metro.ca/en/online-grocery/search-page-30
DR. OETKER,"Frozen Mushroom Thin Crust Pizza, Ristorante",365 g,"$6.99
 ea.",,$1.92 /100g,"Regular price
$7.49  ea.","Valid until Feb 14, 2024",,https://www.metro.ca/en/online-grocery/search-page-30
QUÉBON,"Real Whipped Cream In Aerosol, Ultra'Cream",225 g,"$7.29
 ea.",,$3.24 /100g,,,,https://www.metro.ca/en/online-grocery/search-page-30
QUAKER,One Minute Oatmeal,900 g,"$3.99
 ea.",,$0.44 /100g,"Regular price
$4.99  ea.","Valid until Feb 7, 2024",https://product-images.metro.ca/images/h3c/h26/12279414030366.jpg,https://www.metro.ca/en/online-grocery/search-page-30
HUNT'S,Original Tomato Sauce,213 mL,"$1.49
 ea.",,$0.70 /100ml,,,https://product-images.metro.ca/images/h34/h31/9703000866846.jpg,https://www.metro.ca/en/online-grocery/search-page-30
NATREL,"3.25% Milk, Fine-Filtered",4 L,"$9.69
 ea.",,$0.24 /100ml,,,,https://www.metro.ca/en/online-grocery/search-page-30
CULTURES DE CHEZ NOUS,Sliced And Washed Leeks,2x125 g,"$3.99
 ea.",,$1.60 /100g,,,https://product-images.metro.ca/images/h1b/h2e/11461776441374.jpg,https://www.metro.ca/en/online-grocery/search-page-30
ACTIVIA,2.9% Probiotic Yogurts Variety Pack,12x100 g,"$8.69
 ea.",,$0.72 /100g,,,https://product-images.metro.ca/images/hf7/ha1/11521100415006.jpg,https://www.metro.ca/en/online-grocery/search-page-30
,Chicken Breast Strips,1 pack,"$7.27
 avg. ea.",(300 g avg.),$24.23 /kg$10.99 /lb.,,,https://product-images.metro.ca/images/hd9/hde/9185803501598.jpg,https://www.metro.ca/en/online-grocery/search-page-30
ACTIVIA,2.9% Strawberry-Rhubarb And Blueberry Flavoured Prob...,8x100 g,"$4.99
 ea.",,$0.62 /100g,"Regular price
$6.49  ea.","Valid until Feb 14, 2024",,https://www.metro.ca/en/online-grocery/search-page-30
CLOVER LEAF,Flaked Skipjack Light Tuna,170 g,"$1.99
 ea.",,$1.17 /100g,"Regular price
$2.49  ea.","Valid until Jan 10, 2024",https://product-images.metro.ca/images/hb1/had/11492976427038.jpg,https://www.metro.ca/en/online-grocery/search-page-30
,Center-Cut Pork Loin Chops,3 chops per tray,"$10.10
 avg. ea.",(675 g avg.),$14.97 /kg$6.79 /lb.,,,https://product-images.metro.ca/images/h52/h98/11521252786206.jpg,https://www.metro.ca/en/online-grocery/search-page-30
ACTIVIA,2.9% Raspberry And Strawberry Flavoured Probiotic Yo...,8x100 g,"$4.99
 ea.",,$0.62 /100g,"Regular price
$6.49  ea.","Valid until Feb 14, 2024",,https://www.metro.ca/en/online-grocery/search-page-30
NATREL,"Lactose Free Skim Milk, Fine-Filtered",2 L,"$5.99
 ea.",,$0.30 /100ml,"Regular price
$6.99  ea.","Valid until Jan 10, 2024",,https://www.metro.ca/en/online-grocery/search-page-30
METROGO!,Meat Macaroni,,"$8.02
 avg. ea.",(350 g avg.),$22.90 /kg$10.39 /lb.,,,https://product-images.metro.ca/images/h49/h57/11926667853854.jpg,https://www.metro.ca/en/online-grocery/search-page-30
,Salted Pork Belly,1 pack,"$4.16
 avg. ea.",(210 g avg.),$19.82 /kg$8.99 /lb.,,,https://product-images.metro.ca/images/h9d/hb5/8896934576158.jpg,https://www.metro.ca/en/online-grocery/search-page-30
OASIS,Tropical Passion Fruit Juice Boxes,8x200 mL,"$5.79
 ea.",,$0.36 /100ml,,,https://product-images.metro.ca/images/h90/heb/11513908756510.jpg,https://www.metro.ca/en/online-grocery/search-page-30
,Variety Of Onions,1 kg,"$4.99
 ea.",,$0.50 /100g,,,https://www.metro.ca/images/shared/placeholders/icon-no-picture.svg?v=2023.71.1.d1,https://www.metro.ca/en/online-grocery/search-page-31
IRRESISTIBLES,Frozen Cooked Northern Shrimp,"340 g, size 150-250","$10.00
 ea.",,$2.94 /100g,"Regular price
$14.49  ea.","Valid until Jan 17, 2024",https://product-images.metro.ca/images/h84/hf3/8950043705374.jpg,https://www.metro.ca/en/online-grocery/search-page-31
PLAISIRS GASTRONOMIQUES,Chicken Pie,585 g,"$9.99
 ea.",,$1.71 /100g,,,https://product-images.metro.ca/images/h24/hdd/9529841811486.jpg,https://www.metro.ca/en/online-grocery/search-page-31
GENERAL MILLS,"Multi-Grain Cereal, Cheerios",342 g,"2 / 
$8.00",,or $5.99 ea. $1.17 /100g,,"Valid until Feb 7, 2024",,https://www.metro.ca/en/online-grocery/search-page-31
IRRESISTIBLES,Frozen Key Lime Pie,830 g,"$12.99
 ea.",,$1.57 /100g,"Regular price
$14.49  ea.","Valid until Jan 10, 2024",https://product-images.metro.ca/images/h61/h98/9557819785246.jpg,https://www.metro.ca/en/online-grocery/search-page-31
KELLOGG'S,"Original Cereal, Mini-Wheats",510 g,"$4.49
 ea.",,$0.88 /100g,"Regular price
$6.99  ea.","Valid until Jan 10, 2024",,https://www.metro.ca/en/online-grocery/search-page-31
,White Chocolate And Macadam Cookies,10x38g,"$6.99
 ea.",,$1.84 /100g,,,https://product-images.metro.ca/images/h14/hf6/8923547795486.jpg,https://www.metro.ca/en/online-grocery/search-page-31
ST-HUBERT,Brown Gravy,398 mL,"$2.69
 ea.",,$0.68 /100ml,,,https://product-images.metro.ca/images/hff/h44/10239133483038.jpg,https://www.metro.ca/en/online-grocery/search-page-31
DEL MONTE,Peaches & Cream Whole Kernel Corn,341 mL,"$2.99
 ea.",,$0.88 /100ml,,,https://product-images.metro.ca/images/h32/hfc/10081796128798.jpg,https://www.metro.ca/en/online-grocery/search-page-31
SELECTION,"Basket Coffee Filters, Eco",100 un,"$4.49
 ea.",,$0.04 /un.,,,,https://www.metro.ca/en/online-grocery/search-page-31
,"Apple, Ambrosia",,"$1.19
 avg. ea.",(180 g avg.),$6.59 /kg$2.99 /lb.,,,,https://www.metro.ca/en/online-grocery/search-page-31
COATICOOK,Butterscotch Flavoured Ripple Old-Fashioned Ice Cream,2 L,"$5.99
 ea.",,$0.30 /100ml,,,https://product-images.metro.ca/images/h91/h25/11477794455582.jpg,https://www.metro.ca/en/online-grocery/search-page-31
SELECTION,2% Cottage Cheese,500 g,"$4.29
 ea.",,$0.86 /100g,,,https://product-images.metro.ca/images/h01/h60/9999262449694.jpg,https://www.metro.ca/en/online-grocery/search-page-31
NATREL,"2% Lactose Free Milk, Fine-Filtered",1 L,"$4.59
 ea.",,$0.46 /100ml,,,,https://www.metro.ca/en/online-grocery/search-page-31
SELECTION,35% Cooking Cream,473 mL,"$5.49
 ea.",,$1.16 /100ml,,,https://product-images.metro.ca/images/h6b/h5d/9773779320862.jpg,https://www.metro.ca/en/online-grocery/search-page-31
7UP,Diet Soft Drink,12x355 mL,"$6.98
 ea.",,$0.16 /100ml,"Regular price
$7.99  ea.","Valid until Jan 10, 2024",https://product-images.metro.ca/images/hc0/hbc/11816894529566.jpg,https://www.metro.ca/en/online-grocery/search-page-31
FONTAINE SANTÉ,Tofu Spread,250 g,"$4.99
 ea.",,$2.00 /100g,"Regular price
$5.79  ea.","Valid until Jan 17, 2024",https://product-images.metro.ca/images/h11/h9e/9532862627870.jpg,https://www.metro.ca/en/online-grocery/search-page-31
CASTELLO,Sliced Lactose Free Swiss Cheese,145 g,"$6.99
 ea.",,$4.82 /100g,"Regular price
$7.99  ea.","Valid until Jan 17, 2024",https://product-images.metro.ca/images/hbc/h14/10399713230878.jpg,https://www.metro.ca/en/online-grocery/search-page-31
BEATRICE,1% Cottage Cheese,500 g,"$3.99
 ea.",,$0.80 /100g,"Regular price
$4.99  ea.","Valid until Feb 14, 2024",https://product-images.metro.ca/images/h20/he8/11243922554910.jpg,https://www.metro.ca/en/online-grocery/search-page-31
IRRESISTIBLES,Frozen Whole Strawberries,600 g,"3 / 
$12.99",,or $5.99 ea. $0.72 /100g,,"Valid until Feb 14, 2024",https://product-images.metro.ca/images/hcf/hee/11521032716318.jpg,https://www.metro.ca/en/online-grocery/search-page-31
IRRESISTIBLES,Frozen Sweet Cherries,600 g,"3 / 
$12.99",,or $5.99 ea. $0.72 /100g,,"Valid until Feb 14, 2024",https://product-images.metro.ca/images/hb4/hd4/10183811563550.jpg,https://www.metro.ca/en/online-grocery/search-page-31
SELECTION,"Cherry, Orange And Grape Flavoured Icy Pop Mix",24x75 mL,"$6.29
 ea.",,$0.35 /100ml,,,https://product-images.metro.ca/images/hb1/hff/9693794730014.jpg,https://www.metro.ca/en/online-grocery/search-page-31
TOUR EIFFEL,Parisian Ham,,"$3.49
 / 100 g",,$34.90 /kg$15.83 /lb.,,,https://product-images.metro.ca/images/hba/hc9/9742279573534.jpg,https://www.metro.ca/en/online-grocery/search-page-31
TAKIS,Extreme Fuego® Tortilla Chips,280 g,"$4.49
 ea.",,$1.60 /100g,,,https://product-images.metro.ca/images/he4/h38/11444316373022.jpg,https://www.metro.ca/en/online-grocery/search-page-31
LACTANTIA,Traditional Spread,427 g,"$3.99
 ea.",,$0.93 /100g,,,https://product-images.metro.ca/images/h22/h17/8833393688606.jpg,https://www.metro.ca/en/online-grocery/search-page-31
IRRESISTIBLES,Artichoke Hearts,398 mL,"$3.99
 ea.",,$1.00 /100ml,"Regular price
$4.49  ea.","Valid until Jan 24, 2024",https://www.metro.ca/images/shared/placeholders/icon-no-picture.svg?v=2023.71.1.d1,https://www.metro.ca/en/online-grocery/search-page-31
ATTITUDE,Spring Salad Mix With Toppings,342 g,"$8.99
 ea.",,$2.63 /100g,,,https://product-images.metro.ca/images/h45/he9/9703008960542.jpg,https://www.metro.ca/en/online-grocery/search-page-31
,Wrapped Broccoli Crown,1 un,"$2.99
 ea.",,$2.99 /un.,,,https://product-images.metro.ca/images/h1c/h39/8894038245406.jpg,https://www.metro.ca/en/online-grocery/search-page-31
CLASSICO,"Four Cheese Alfredo Pasta Sauce, Di Parma",410 mL,"$5.49
 ea.",,$1.34 /100ml,,,,https://www.metro.ca/en/online-grocery/search-page-31
NATREL,"3.25% Milk, Fine-Filtered",1 L,"$2.99
 ea.",,$0.30 /100ml,"Regular price
$3.69  ea.","Valid until Feb 14, 2024",,https://www.metro.ca/en/online-grocery/search-page-31
SARA LEE,Oatmeal Cookies And Raisins,300 g,"3 / 
$10.97",,or $4.99 ea. $1.22 /100g,"Regular price
$5.49  ea.","Valid until Jan 10, 2024",https://product-images.metro.ca/images/hda/h15/10715286011934.jpg,https://www.metro.ca/en/online-grocery/search-page-31
FRY'S,Premium Cocoa,227 g,"$5.79
 ea.",,$2.55 /100g,,,https://product-images.metro.ca/images/hf5/he7/9684999208990.jpg,https://www.metro.ca/en/online-grocery/search-page-32
DARE,"Chocolate Covered Marshmallow Black Forest Cookies, ...",285 g,"$4.49
 ea.",,$1.80 /100g,,,,https://www.metro.ca/en/online-grocery/search-page-32
ZIPLOC,Large Freezer Bags,14 un,"$5.99
 ea.",,$0.43 /un.,,,https://product-images.metro.ca/images/hde/hb6/11679599525918.jpg,https://www.metro.ca/en/online-grocery/search-page-32
CAMPBELL'S,Ready To Use 30% Less Sodium Beef Broth,900 mL,"$2.99
 ea.",,$0.33 /100ml,,,https://product-images.metro.ca/images/h9b/hf7/11693731446814.jpg,https://www.metro.ca/en/online-grocery/search-page-32
IRRESISTIBLES,Chicken Treats For Cats,85 g,"$2.99
 ea.",,$3.52 /100g,"Regular price
$3.49  ea.","Valid until Jan 24, 2024",https://product-images.metro.ca/images/h73/hec/11601523834910.jpg,https://www.metro.ca/en/online-grocery/search-page-32
SELECTION,2-Ply Paper Towels,6x60 sheets,"$4.99
 ea.",,$0.83 /un.,"Regular price
$6.29  ea.","Valid until Feb 7, 2024",https://product-images.metro.ca/images/h06/h78/9906375065630.jpg,https://www.metro.ca/en/online-grocery/search-page-32
SELECTION,Salt And Pepper Chips,200 g,"2 / 
$4.00",,$1.00 /100g,"Regular price
$2.79  ea.","Valid until Jan 24, 2024",https://product-images.metro.ca/images/h22/hef/10200554143774.jpg,https://www.metro.ca/en/online-grocery/search-page-32
SELECTION,Mini Pita Breads,200 g,"$3.99
 ea.",,$2.00 /100g,,,https://product-images.metro.ca/images/h75/h66/9519059992606.jpg,https://www.metro.ca/en/online-grocery/search-page-32
KINDER SURPRISE,Milk Chocolate Egg With Surprise Toy,20 g,"$1.99
 ea.",,$9.95 /100g,,,https://product-images.metro.ca/images/h3b/h53/9693807181854.jpg,https://www.metro.ca/en/online-grocery/search-page-32
SELECTION,Sliced Whole Wheat Bagels,6 un - 510 g,"$4.49
 ea.",,$0.88 /100g,,,https://product-images.metro.ca/images/hd6/h10/9375300059166.jpg,https://www.metro.ca/en/online-grocery/search-page-32
SELECTION,Chick Peas,540 mL,"$2.49
 ea.",,$0.46 /100ml,,,https://product-images.metro.ca/images/hcf/ha1/9883019411486.jpg,https://www.metro.ca/en/online-grocery/search-page-32
FRESH ATTITUDE,Spring Mix And Spinach Half & Half Salad Mix,142 g,"2 / 
$5.00",,$1.76 /100g,"Regular price
$4.99  ea.","Valid until Jan 10, 2024",https://product-images.metro.ca/images/h1e/h38/11883418615838.jpg,https://www.metro.ca/en/online-grocery/search-page-32
OLD EL PASO,Fajita Seasoning Mix,24 g,"2 / 
$3.00",,$6.25 /100g,"Regular price
$2.49  ea.","Valid until Jan 24, 2024",https://product-images.metro.ca/images/h89/hae/10308045996062.jpg,https://www.metro.ca/en/online-grocery/search-page-32
PEEK FREANS,Digestive Cookies,300 g,"$3.79
 ea.",,$1.26 /100g,"Regular price
$4.99  ea.","Valid until Jan 24, 2024",https://product-images.metro.ca/images/h40/h47/10134614900766.jpg,https://www.metro.ca/en/online-grocery/search-page-32
IRRESISTIBLES,Chai Black Tea Bags,20 un,"$2.99
 ea.",,$2.99 /un.,"Regular price
$3.79  ea.","Valid until Jan 10, 2024",https://product-images.metro.ca/images/h3e/h70/9041643077662.jpg,https://www.metro.ca/en/online-grocery/search-page-32
METROGO!,4-Cut Vegetable Platter With Ranch Dip,,"$15.99
 ea.",,$2.00 /100g,,,https://product-images.metro.ca/images/hce/hbc/8837051416606.jpg,https://www.metro.ca/en/online-grocery/search-page-32
ST-MÉTHODE,Sprouted Wheat Belgian Sliced Bread,550 g,"$5.39
 ea.",,$0.98 /100g,,,https://product-images.metro.ca/images/hc9/hd8/10268243918878.jpg,https://www.metro.ca/en/online-grocery/search-page-32
PARLOUR,Vanilla Flavoured Frozen Dessert,1.5 L,"$5.99
 ea.",,$0.40 /100ml,,,https://product-images.metro.ca/images/h96/h43/11191479205918.jpg,https://www.metro.ca/en/online-grocery/search-page-32
IRRESISTIBLES,Frozen Cooked Black Tiger Shrimp,"340 g, size 31-40","$14.99
 ea.",,$4.41 /100g,"Regular price
$15.99  ea.","Valid until Jan 17, 2024",https://product-images.metro.ca/images/hea/h32/8950044295198.jpg,https://www.metro.ca/en/online-grocery/search-page-32
IRRESISTIBLES,Earl Grey Tea Bags,48 un,"$3.29
 ea.",,$0.07 /un.,"Regular price
$4.19  ea.","Valid until Feb 7, 2024",https://product-images.metro.ca/images/h99/h49/8959491997726.jpg,https://www.metro.ca/en/online-grocery/search-page-32
SELECTION,Garlic Powder,120 g,"$4.99
 ea.",,$4.16 /100g,,,https://product-images.metro.ca/images/h2a/h16/9096928100382.jpg,https://www.metro.ca/en/online-grocery/search-page-32
ST-MÉTHODE,Sliced White Bread,675 g,"2 / 
$8.78",,or $5.39 ea. $0.65 /100g,,"Valid until Jan 10, 2024",https://product-images.metro.ca/images/h66/hf9/10268238413854.jpg,https://www.metro.ca/en/online-grocery/search-page-32
,Cara Cara Orange,vendue individuellement,"$3.04
 avg. ea.",(345 g avg.),$8.80 /kg$3.99 /lb.,,,https://product-images.metro.ca/images/h26/h8c/9220934565918.jpg,https://www.metro.ca/en/online-grocery/search-page-32
SELECTION,Herbs And Spices Tomato Paste,156 mL,"$1.00
 ea.",,$0.64 /100ml,"Regular price
$1.19  ea.","Valid until Jan 24, 2024",https://product-images.metro.ca/images/h88/hf9/11521175748638.jpg,https://www.metro.ca/en/online-grocery/search-page-32
PEEK FREANS,Fruit Cream Cookies,300 g,"$3.79
 ea.",,$1.26 /100g,"Regular price
$4.99  ea.","Valid until Jan 24, 2024",https://product-images.metro.ca/images/h52/hfe/10970120847390.jpg,https://www.metro.ca/en/online-grocery/search-page-32
IRRESISTIBLES,Frozen Cooked Pacific White Shrimp With Tail,"340 g, size 31-40","$10.00
 ea.",,$2.94 /100g,"Regular price
$12.99  ea.","Valid until Jan 17, 2024",https://product-images.metro.ca/images/hec/h97/12263419576350.jpg,https://www.metro.ca/en/online-grocery/search-page-32
COCA-COLA,Soft Drink,2 L,"$3.69
 ea.",,$0.18 /100ml,,,https://product-images.metro.ca/images/hdc/h6d/11492943069214.jpg,https://www.metro.ca/en/online-grocery/search-page-32
IRRESISTIBLES,"2% Summer Fruit Flavoured Yogurt Variety Pack, The C...",16x100 g,"$8.09
 ea.",,$0.51 /100g,,,,https://www.metro.ca/en/online-grocery/search-page-32
,Previously Frozen Northern Shrimp,,"$4.19
 / 100 g",,$41.87 /kg$18.99 /lb.,,,https://product-images.metro.ca/images/h84/ha7/8991523733534.jpg,https://www.metro.ca/en/online-grocery/search-page-32
METROGO!,Traditionally Smoked Pulled Ham,1 pack,"$9.69
 avg. ea.",(400 g avg.),$24.23 /kg$10.99 /lb.,"Regular price
$26.43  avg. kg","Valid until Jan 17, 2024",https://product-images.metro.ca/images/h45/he2/9229787496478.jpg,https://www.metro.ca/en/online-grocery/search-page-32
SAN PELLEGRINO,Carbonated Natural Mineral Water,6x1 L,"$13.99
 ea.",,$0.23 /100ml,,,https://product-images.metro.ca/images/h1e/h53/8943676391454.jpg,https://www.metro.ca/en/online-grocery/search-page-32
CLOVER LEAF,Flaked Albacore White Tuna,170 g,"$3.99
 ea.",,$2.35 /100g,,,https://product-images.metro.ca/images/ha2/h76/11675985084446.jpg,https://www.metro.ca/en/online-grocery/search-page-32
EXCELDOR,Boneless Chicken Breasts,2 breasts per tray,"$12.39
 avg. ea.",(450 g avg.),$27.54 /kg$12.49 /lb.,,,https://product-images.metro.ca/images/hfc/h43/9667791585310.jpg,https://www.metro.ca/en/online-grocery/search-page-32
IRRESISTIBLES,Mini Naan Breads,16 un,"2 / 
$7.00",,or $3.99 ea. $1.82 /100g,"Regular price
$4.19  ea.","Valid until Jan 10, 2024",https://product-images.metro.ca/images/h8b/h43/8868963844126.jpg,https://www.metro.ca/en/online-grocery/search-page-32
,Heirloom Tomato,Sold individually,"$4.23
 avg. ea.",(320 g avg.),$13.21 /kg$5.99 /lb.,,,https://product-images.metro.ca/images/he0/h04/9335917248542.jpg,https://www.metro.ca/en/online-grocery/search-page-33
NOREL,Veal And Pork Cretonnade,150 g,"$4.99
 ea.",,$3.33 /100g,,,https://product-images.metro.ca/images/h66/hb7/9529798393886.jpg,https://www.metro.ca/en/online-grocery/search-page-33
LA PETITE BRETONNE,Double Chocolate Buns,6 un,"$5.99
 ea.",,$1.87 /100g,,,https://product-images.metro.ca/images/h5c/hde/10882779316254.jpg,https://www.metro.ca/en/online-grocery/search-page-33
COORS LIGHT,Light Lager Beer,24x341 mL - bottles,"$36.99
 ea.",,$0.45 /100ml,,,https://product-images.metro.ca/images/ha2/h8f/11513837781022.jpg,https://www.metro.ca/en/online-grocery/search-page-33
SELECTION,Ground Cumin,81 g,"$2.99
 ea.",,$3.69 /100g,,,https://product-images.metro.ca/images/he1/h81/9096948121630.jpg,https://www.metro.ca/en/online-grocery/search-page-33
MAPLE LODGE FARMS,Sliced Smoked Chicken Breast Roast,,"$2.59
 / 100 g",,$25.90 /kg$11.75 /lb.,,,https://product-images.metro.ca/images/h50/h63/9203157532702.jpg,https://www.metro.ca/en/online-grocery/search-page-33
MAPLE LEAF,"Fully Cooked Bacon Slices, Ready Crisp",65 g,"$7.99
 ea.",,$12.29 /100g,"Regular price
$8.99  ea.","Valid until Jan 17, 2024",,https://www.metro.ca/en/online-grocery/search-page-33
SELECTION,All-Purpose Flour,2.5 kg,"$4.49
 ea.",,$0.18 /100g,"Regular price
$5.49  ea.","Valid until Feb 7, 2024",https://product-images.metro.ca/images/h2e/h6d/9906394890270.jpg,https://www.metro.ca/en/online-grocery/search-page-33
HARVEST SNAPS,"Original Green Pea Crisps, Snapea Crisps",93 g,"$3.79
 ea.",,$4.08 /100g,,,,https://www.metro.ca/en/online-grocery/search-page-33
IRRESISTIBLES,Mini Banana And Chocolate Chip Muffins,336 g,"$6.99
 ea.",,$2.08 /100g,"Regular price
$7.49  ea.","Valid until Jan 10, 2024",https://product-images.metro.ca/images/h30/h5d/12175378677790.jpg,https://www.metro.ca/en/online-grocery/search-page-33
COATICOOK,Maple Sugar Flavoured Old-Fashioned Ice Cream,2 L,"$5.99
 ea.",,$0.30 /100ml,,,https://product-images.metro.ca/images/h3e/h4c/11477788885022.jpg,https://www.metro.ca/en/online-grocery/search-page-33
FONTAINE SANTÉ,"Hummus With Roasted Pine Nuts, Humm!",227 g,"$4.79
 ea.",,$2.11 /100g,"Regular price
$5.29  ea.","Valid until Jan 17, 2024",,https://www.metro.ca/en/online-grocery/search-page-33
COATICOOK,Vanilla Flavoured Old-Fashioned Ice Cream,1 L,"$3.99
 ea.",,$0.40 /100ml,,,https://product-images.metro.ca/images/h3c/h6d/11627081105438.jpg,https://www.metro.ca/en/online-grocery/search-page-33
DIANA,Gourmet Rib And Chicken Bbq Sauce,500 mL,"$4.99
 ea.",,$1.00 /100ml,,,https://product-images.metro.ca/images/h22/h31/9986941550622.jpg,https://www.metro.ca/en/online-grocery/search-page-33
SELECTION,Frozen Unrolled Puff Pastry,400 g,"$2.99
 ea.",,$0.75 /100g,"Regular price
$3.69  ea.","Valid until Jan 10, 2024",https://product-images.metro.ca/images/hd2/he5/8817701912606.jpg,https://www.metro.ca/en/online-grocery/search-page-33
SELECTION,Pizza Sauce,213 mL,"$0.99
 ea.",,$0.46 /100ml,"Regular price
$1.49  ea.","Valid until Jan 10, 2024",https://product-images.metro.ca/images/he7/h57/9632937279518.jpg,https://www.metro.ca/en/online-grocery/search-page-33
LAFLEUR,Original Fully Cooked Bacon,90 g,"$8.99
 ea.",,$9.99 /100g,"Regular price
$9.49  ea.","Valid until Jan 17, 2024",https://product-images.metro.ca/images/h2d/hff/9751036821534.jpg,https://www.metro.ca/en/online-grocery/search-page-33
CLASSICO,"Roasted Garlic And Onion Pasta Sauce, Di Sorrento",650 mL,"$5.49
 ea.",,$0.84 /100ml,,,,https://www.metro.ca/en/online-grocery/search-page-33
POM,12 Grain Sliced Bagels,"6 bagels, 510 g","3 / 
$10.97",,or $4.99 ea. $0.61 /un.,"Regular price
$5.09  ea.","Valid until Jan 10, 2024",https://product-images.metro.ca/images/h32/hc7/11642926366750.jpg,https://www.metro.ca/en/online-grocery/search-page-33
DEL MONTE,"Whole Kernel Corn, Summer Crisp",341 mL,"$2.99
 ea.",,$0.88 /100ml,,,,https://www.metro.ca/en/online-grocery/search-page-33
ST-HUBERT,À La King Sauce Mix,57 g,"3 / 
$5.00",,$2.92 /100g,"Regular price
$2.39  ea.","Valid until Jan 10, 2024",,https://www.metro.ca/en/online-grocery/search-page-33
IRRESISTIBLES,"Frozen Italian Style Deli Thin Crust Pizza, Gusto It...",390 g,"$5.49
 ea.",,$1.41 /100g,,,,https://www.metro.ca/en/online-grocery/search-page-33
SELECTION,"Peas And Carrots, Packed In Season",398 mL,"$2.29
 ea.",,$0.58 /100ml,,,,https://www.metro.ca/en/online-grocery/search-page-33
,"Pork Osso Buco, Value Pack",8 osso bucco per tray,"$16.95
 avg. ea.","(1,100 g avg.)",$15.41 /kg$6.99 /lb.,,,https://product-images.metro.ca/images/hd5/h67/12260195303454.jpg,https://www.metro.ca/en/online-grocery/search-page-33
ST-HUBERT,Chicken Noodle Soup,540 mL,"$3.99
 ea.",,$0.74 /100ml,,,https://product-images.metro.ca/images/h0e/h05/10402318876702.jpg,https://www.metro.ca/en/online-grocery/search-page-33
IRRESISTIBLES,Frozen Large Pacific White Shrimp Ring With Cocktail...,312 g,"$10.00
 ea.",,$3.21 /100g,"Regular price
$11.99  ea.","Valid until Jan 17, 2024",,https://www.metro.ca/en/online-grocery/search-page-33
QUÉBON,"15% Table Cream, Ultra'Cream",473 mL,"$3.49
 ea.",,$0.74 /100ml,"Regular price
$4.49  ea.","Valid until Feb 14, 2024",,https://www.metro.ca/en/online-grocery/search-page-33
CATELLI,Meat Pasta Sauce,680 mL,"$3.99
 ea.",,$0.59 /100ml,,,https://product-images.metro.ca/images/hfe/h5c/9986966388766.jpg,https://www.metro.ca/en/online-grocery/search-page-33
FONTAINE SANTÉ,Bruschetta,340 g,"$6.49
 ea.",,$1.91 /100g,"Regular price
$6.99  ea.","Valid until Jan 17, 2024",https://product-images.metro.ca/images/hdb/h79/9532866691102.jpg,https://www.metro.ca/en/online-grocery/search-page-33
CHRISTIE,"Graham Crumbs, Honey Maid",400 g,"$5.79
 ea.",,$1.45 /100g,,,,https://www.metro.ca/en/online-grocery/search-page-33
YOPLAIT,"1.5% Berry Flavoured Stirred Yogurt Variety Pack, Cr...",16x100 g,"$6.99
 ea.",,$0.44 /100g,"Regular price
$8.79  ea.","Valid until Feb 14, 2024",,https://www.metro.ca/en/online-grocery/search-page-33
MASTRO,Genoa Salami,,"$4.99
 / 100 g",,$49.90 /kg$22.63 /lb.,,,https://product-images.metro.ca/images/h59/h34/8824261115934.jpg,https://www.metro.ca/en/online-grocery/search-page-33
MAGIC,Baking Powder,225 g,"$4.79
 ea.",,$2.13 /100g,,,https://product-images.metro.ca/images/h7b/had/10091115675678.jpg,https://www.metro.ca/en/online-grocery/search-page-33
EARTH'S OWN,Unsweetened Vanilla Flavoured Fortified Almond Bever...,1.89 L,"$4.79
 ea.",,$0.25 /100ml,,,,https://www.metro.ca/en/online-grocery/search-page-34
,Mango,Sold individually,"2 / 
$5.00",,$2.50 /un.,"Regular price
$2.99  ea.","Valid until Jan 10, 2024",https://product-images.metro.ca/images/h14/h6c/10460987916318.jpg,https://www.metro.ca/en/online-grocery/search-page-34
SELECTION,Dark Red Kidney Beans,540 mL,"$2.49
 ea.",,$0.46 /100ml,,,https://product-images.metro.ca/images/h2d/h46/10365179625502.jpg,https://www.metro.ca/en/online-grocery/search-page-34
HIGH LINER,"Frozen Boned Wild Pacific Salmon, Market Cuts",227 g,"2 / 
$10.00",,or $6.99 ea. $2.20 /100g,"Regular price
$9.99  ea.","Valid until Jan 10, 2024",,https://www.metro.ca/en/online-grocery/search-page-34
LIFE SMART,Cheese Rice Crackers,100 g,"$1.99
 ea.",,$1.99 /100g,,,https://product-images.metro.ca/images/h97/h30/9742643036190.jpg,https://www.metro.ca/en/online-grocery/search-page-34
CATELLI,"Fusilli, Classic",500 g,"$2.99
 ea.",,$0.60 /100g,,,,https://www.metro.ca/en/online-grocery/search-page-34
KRAFT,"Velveeta Processed Cheese, Velveeta",450 g,"$8.49
 ea.",,$1.89 /100g,,,,https://www.metro.ca/en/online-grocery/search-page-34
TRE STELLE,Mini Mini Bocconcini Cheese,200 g,"$6.99
 ea.",,$3.50 /100g,"Regular price
$7.79  ea.","Valid until Jan 17, 2024",https://product-images.metro.ca/images/h5f/hf6/11521085046814.jpg,https://www.metro.ca/en/online-grocery/search-page-34
NESTEA,Lemon Flavoured Iced Tea,10x200 mL,"$4.79
 ea.",,$0.24 /100ml,,,https://product-images.metro.ca/images/h45/h96/10495666847774.jpg,https://www.metro.ca/en/online-grocery/search-page-34
IRRESISTIBLES,Frozen Tiramisu Cake,500 g,"$11.99
 ea.",,$2.40 /100g,,"Valid until Jan 17, 2024",https://product-images.metro.ca/images/h7c/h92/10200554078238.jpg,https://www.metro.ca/en/online-grocery/search-page-34
CLASSICO,"Roasted Portobello Mushroom Pasta Sauce, Di Toscana",650 mL,"$5.49
 ea.",,$0.84 /100ml,,,,https://www.metro.ca/en/online-grocery/search-page-34
OREO,Mini Chocolate Sandwich Cookies Portion Packs,180 g,"$3.99
 ea.",,$2.22 /100g,,,https://product-images.metro.ca/images/hde/hc5/11068794961950.jpg,https://www.metro.ca/en/online-grocery/search-page-34
,Red Grapefruit,,"$1.35
 avg. ea.",(450 g avg.),"$2,990.00 /kg$1,356.24 /lb.",,,https://product-images.metro.ca/images/h4b/hfa/9185976746014.jpg,https://www.metro.ca/en/online-grocery/search-page-34
,Rack Of Pork,,"$17.61
 avg. ea.","(1,000 g avg.)",$17.61 /kg$7.99 /lb.,,,https://product-images.metro.ca/images/h7b/h9b/9096814297118.jpg,https://www.metro.ca/en/online-grocery/search-page-34
SELECTION,Dark Chocolate Chips,835 g,"$9.99
 ea.",,$1.20 /100g,,,https://product-images.metro.ca/images/h42/h58/9704253653022.jpg,https://www.metro.ca/en/online-grocery/search-page-34
SUMMER FRESH,Roasted Garlic Hummus,227 g,"$4.79
 ea.",,$2.11 /100g,,,https://product-images.metro.ca/images/h11/h1e/9213085745182.jpg,https://www.metro.ca/en/online-grocery/search-page-34
IRRESISTIBLES,"Frozen Peeled, Deveined Raw Pacific White Shrimp","340 g, size 91-110","$7.00
 ea.",,$2.06 /100g,"Regular price
$7.99  ea.","Valid until Jan 17, 2024",https://product-images.metro.ca/images/hd7/h02/9910136143902.jpg,https://www.metro.ca/en/online-grocery/search-page-34
FONTAINE SANTÉ,Traditional Hummus,454 g,"$6.99
 ea.",,$1.54 /100g,"Regular price
$7.49  ea.","Valid until Jan 10, 2024",https://product-images.metro.ca/images/h4c/heb/11133608198174.jpg,https://www.metro.ca/en/online-grocery/search-page-34
KRAFT,"Smooth Peanut Butter, All Natural",750 g,"$7.99
 ea.",,$1.07 /100g,"Regular price
$8.99  ea.","Valid until Feb 7, 2024",,https://www.metro.ca/en/online-grocery/search-page-34
SILK,Dark Chocolate Almond Plant-Based Beverage,1.89 L,"$4.79
 ea.",,$0.25 /100ml,"Regular price
$5.69  ea.","Valid until Feb 14, 2024",https://product-images.metro.ca/images/he0/h85/12174888108062.jpg,https://www.metro.ca/en/online-grocery/search-page-34
MOTT'S,"Original Vegetable Juice, Garden Cocktail",1.89 L,"$4.99
 ea.",,$0.26 /100ml,,,,https://www.metro.ca/en/online-grocery/search-page-34
POM,Sliced Plain Bagels,"6 bagels, 450 g","3 / 
$10.97",,or $4.99 ea. $0.61 /un.,"Regular price
$5.09  ea.","Valid until Jan 10, 2024",https://product-images.metro.ca/images/hd0/h00/11642926596126.jpg,https://www.metro.ca/en/online-grocery/search-page-34
SELECTION,14% Sour Cream,500 mL,"$4.29
 ea.",,$0.86 /100ml,,,https://product-images.metro.ca/images/h7b/haa/8834738421790.jpg,https://www.metro.ca/en/online-grocery/search-page-34
UNISOYA,Exta Firm Fine Herbs Tofu,454 g,"$3.99
 ea.",,$0.88 /100g,,,https://product-images.metro.ca/images/h69/ha2/10946114256926.jpg,https://www.metro.ca/en/online-grocery/search-page-34
BERTOLLI,"Olive Oil, Extra Light Taste",1 L,"$19.99
 ea.",,$2.00 /100ml,,,,https://www.metro.ca/en/online-grocery/search-page-34
NUTELLA,Hazelnut Spread With Cocoa,1 kg,"$10.99
 ea.",,$1.10 /100g,,,https://product-images.metro.ca/images/h66/hd5/11761502519326.jpg,https://www.metro.ca/en/online-grocery/search-page-34
,Bag Of Lemons,2 lb,"$5.99
 ea.",,$0.66 /100g,,,https://product-images.metro.ca/images/hbe/h1a/9316975050782.jpg,https://www.metro.ca/en/online-grocery/search-page-34
SELECTION,Frozen California Style Mixed Vegetables,750 g,"$3.49
 ea.",,$0.47 /100g,"Regular price
$4.49  ea.","Valid until Jan 10, 2024",https://product-images.metro.ca/images/h2d/h3f/10882746482718.jpg,https://www.metro.ca/en/online-grocery/search-page-34
PHILADELPHIA,Smoked Salmon Cream Cheese,227 g,"$6.49
 ea.",,$2.86 /100g,,,https://product-images.metro.ca/images/ha4/h4e/9986805825566.jpg,https://www.metro.ca/en/online-grocery/search-page-34
ST-MÉTHODE,Homestyle White Loaf,600 g,"$5.39
 ea.",,$0.90 /100g,,,https://product-images.metro.ca/images/hda/h88/11094880714782.jpg,https://www.metro.ca/en/online-grocery/search-page-34
DR. OETKER,"Frozen Margherita Thin Crust Pizza, Ristorante",330 g,"$6.99
 ea.",,$2.12 /100g,"Regular price
$7.49  ea.","Valid until Feb 14, 2024",,https://www.metro.ca/en/online-grocery/search-page-34
KNORR,"Fettuccine Alfredo, Sidekicks",133 g,"3 / 
$7.00",,$1.75 /100g,"Regular price
$2.79  ea.","Valid until Jan 24, 2024",,https://www.metro.ca/en/online-grocery/search-page-34
FIVE ROSES,Never Bleached All-Purpose Flour,2.5 kg,"$6.49
 ea.",,$0.26 /100g,"Regular price
$7.49  ea.","Valid until Feb 7, 2024",https://product-images.metro.ca/images/hb4/h49/10938827603998.jpg,https://www.metro.ca/en/online-grocery/search-page-34
LECLERC,"Vanilla Wafer Cookies With A Milk Chocolate Coating,...",240 g,"$4.49
 ea.",,$1.87 /100g,,,,https://www.metro.ca/en/online-grocery/search-page-35
DR. OETKER,"Frozen Vegetable Thin Crust Pizza, Ristorante",385 g,"$6.99
 ea.",,$1.82 /100g,"Regular price
$7.49  ea.","Valid until Feb 14, 2024",,https://www.metro.ca/en/online-grocery/search-page-35
IRRESISTIBLES,Frozen Wild Smoked Sockeye Salmon Slices,130 g,"$12.99
 ea.",,$9.99 /100g,"Regular price
$14.99  ea.","Valid until Jan 17, 2024",https://product-images.metro.ca/images/h09/he0/12083883966494.jpg,https://www.metro.ca/en/online-grocery/search-page-35
DARE,"Raspberry Soft Oatmeal Cookies, Maxi Fruits",280 g,"$1.99
 ea.",,$0.71 /100g,"Regular price
$4.49  ea.","Valid until Jan 10, 2024",,https://www.metro.ca/en/online-grocery/search-page-35
IRRESISTIBLES,Frozen Raspberry Blast Cake,4 in - 300 g,"$12.49
 ea.",,$4.16 /100g,,"Valid until Jan 17, 2024",https://product-images.metro.ca/images/h68/h41/8861364158494.jpg,https://www.metro.ca/en/online-grocery/search-page-35
SELECTION,Mandarin Oranges In Light Syrup,284 mL,"2 / 
$3.00",,$0.53 /100ml,"Regular price
$1.69  ea.","Valid until Feb 7, 2024",https://product-images.metro.ca/images/h8e/hda/9518443397150.jpg,https://www.metro.ca/en/online-grocery/search-page-35
LA CAGE,Frozen Smoked Paprika And Maple Chicken Wings,550 g,"$8.99
 ea.",,$1.63 /100g,"Regular price
$15.99  ea.","Valid until Jan 10, 2024",https://product-images.metro.ca/images/h7a/h53/11493009784862.jpg,https://www.metro.ca/en/online-grocery/search-page-35
ESKA,Lemon Flavoured Carbonated Spring Water,1 L,"$1.29
 ea.",,$0.13 /100ml,"Regular price
$1.59  ea.","Valid until Feb 7, 2024",https://product-images.metro.ca/images/he9/h97/10268207218718.jpg,https://www.metro.ca/en/online-grocery/search-page-35
BEATRICE,3.25% Milk,2 L,"$4.48
 ea.",,$0.22 /100ml,,,https://product-images.metro.ca/images/h01/he8/12230520176670.jpg,https://www.metro.ca/en/online-grocery/search-page-35
SELECTION,Tomato Juice With 50% Less Salt,1.36 L,"$3.49
 ea.",,$0.26 /100ml,,,https://product-images.metro.ca/images/had/hf1/8814320615454.jpg,https://www.metro.ca/en/online-grocery/search-page-35
CAVENDISH FARMS,Frozen Onion Hash Brown Patties,600 g,"$4.99
 ea.",,$0.83 /100g,,,https://product-images.metro.ca/images/hb9/hde/11521059422238.jpg,https://www.metro.ca/en/online-grocery/search-page-35
HABITANT,Traditional Minestrone Soup,796 mL,"$3.99
 ea.",,$0.50 /100ml,,,https://product-images.metro.ca/images/h38/h00/11849374662686.jpg,https://www.metro.ca/en/online-grocery/search-page-35
KELLOGG'S,"Flakes Cereal, All-Bran",450 g,"$4.49
 ea.",,$1.00 /100g,"Regular price
$6.79  ea.","Valid until Jan 10, 2024",,https://www.metro.ca/en/online-grocery/search-page-35
BOURSIN,Cranberry And Pepper Fresh Cheese,150 g,"$8.00
 ea.",,$5.33 /100g,,,https://product-images.metro.ca/images/hb9/hb1/11849327214622.jpg,https://www.metro.ca/en/online-grocery/search-page-35
OLYMEL,Shaved Black Forest Smoked Ham,175 g,"$7.49
 ea.",,$4.28 /100g,,,https://product-images.metro.ca/images/hb3/h04/9742277509150.jpg,https://www.metro.ca/en/online-grocery/search-page-35
QUÉBON,2% Milk,2 L,"$5.29
 ea.",,$0.26 /100ml,,,https://product-images.metro.ca/images/h2e/h54/11401280520222.jpg,https://www.metro.ca/en/online-grocery/search-page-35
IRRESISTIBLES,"Frozen Spinach Thin Crust Pizza, Gusto Italiano",390 g,"$5.49
 ea.",,$1.41 /100g,,,,https://www.metro.ca/en/online-grocery/search-page-35
ST-HUBERT,Chicken Pot Pie,645 g,"$6.99
 ea.",,$1.08 /100g,"Regular price
$11.99  ea.","Valid until Jan 10, 2024",https://product-images.metro.ca/images/hf2/h50/10020626890782.jpg,https://www.metro.ca/en/online-grocery/search-page-35
DARE,"Original Bite Size Crackers, Breton",200 g,"$1.99
 ea.",,$1.00 /100g,"Regular price
$4.29  ea.","Valid until Jan 10, 2024",,https://www.metro.ca/en/online-grocery/search-page-35
HAIKU,Light Premium Coconut Milk,398 mL,"$2.79
 ea.",,$0.70 /100ml,"Regular price
$3.29  ea.","Valid until Jan 24, 2024",https://product-images.metro.ca/images/hc1/h68/11432721973278.jpg,https://www.metro.ca/en/online-grocery/search-page-35
IRRESISTIBLES,Frozen Tempura Shrimp,340 g,"$11.99
 ea.",,$3.53 /100g,,,https://product-images.metro.ca/images/h37/h37/11117319094302.jpg,https://www.metro.ca/en/online-grocery/search-page-35
,Portuguese Buns,4x110 g,"$3.99
 ea.",,$0.91 /100g,"Regular price
$4.29  ea.","Valid until Jan 10, 2024",https://product-images.metro.ca/images/haa/hf4/8850091671582.jpg,https://www.metro.ca/en/online-grocery/search-page-35
PRIMO,Canned Black Beans,540 mL,"$2.69
 ea.",,$0.50 /100ml,,,https://product-images.metro.ca/images/h21/hcf/9518753579038.jpg,https://www.metro.ca/en/online-grocery/search-page-35
ACTIVIA,0% Vanilla Flavoured Probiotic Yogurt,650 g,"2 / 
$7.50",,or $5.49 ea. $0.58 /100g,,"Valid until Feb 14, 2024",https://product-images.metro.ca/images/hdf/h42/11333010391070.jpg,https://www.metro.ca/en/online-grocery/search-page-35
SELECTION,Everything Bagels,"6 un, 510 g","$4.49
 ea.",,$0.88 /100g,,,https://product-images.metro.ca/images/h0f/h99/9264456433694.jpg,https://www.metro.ca/en/online-grocery/search-page-35
PRINGLES,Bbq Flavoured Chips,156 g,"$3.99
 ea.",,$2.56 /100g,,,https://product-images.metro.ca/images/h2d/h7b/10250278076446.jpg,https://www.metro.ca/en/online-grocery/search-page-35
HUMPTY DUMPTY,Bbq Flavoured Ringolos,280 g,"$4.99
 ea.",,$1.78 /100g,,,https://product-images.metro.ca/images/h6e/h2b/12018725584926.jpg,https://www.metro.ca/en/online-grocery/search-page-35
PREMIUM PLUS,Unsalted Tops Crackers,450 g,"$4.79
 ea.",,$1.06 /100g,"Regular price
$5.49  ea.","Valid until Jan 24, 2024",https://product-images.metro.ca/images/haf/he7/12354395176990.jpg,https://www.metro.ca/en/online-grocery/search-page-35
TIM HORTONS,Original Blend Ground Coffee,300 g,"$10.49
 ea.",,$3.50 /100g,,,https://product-images.metro.ca/images/hc1/h85/11272662515742.jpg,https://www.metro.ca/en/online-grocery/search-page-35
LIBERTÉ,0% Vanilla Flavoured Greek Yogurt,750 g,"$5.97
 ea.",,$0.80 /100g,"Regular price
$8.29  ea.","Valid until Jan 10, 2024",https://product-images.metro.ca/images/h0f/h7f/10686054301726.jpg,https://www.metro.ca/en/online-grocery/search-page-35
RUSTICA,Traditional Tomato Pizza,350 g,"$5.49
 ea.",,$1.57 /100g,,,https://product-images.metro.ca/images/h83/h6c/10250169286686.jpg,https://www.metro.ca/en/online-grocery/search-page-35
RENÉE'S GOURMET,Caesar Dressing And Dip,355 mL,"$5.99
 ea.",,$1.69 /100ml,,,https://product-images.metro.ca/images/h6b/h3e/9986777874462.jpg,https://www.metro.ca/en/online-grocery/search-page-35
TWIZZLERS,Strawberry Twists,454 g,"$4.99
 ea.",,$1.10 /100g,,,https://product-images.metro.ca/images/he2/hf6/11449514688542.jpg,https://www.metro.ca/en/online-grocery/search-page-36
7UP,Soft Drink,2 L,"2 / 
$6.00",,$0.15 /100ml,"Regular price
$3.49  ea.","Valid until Jan 24, 2024",https://product-images.metro.ca/images/hd5/h05/10135952392222.jpg,https://www.metro.ca/en/online-grocery/search-page-36
HERSHEY'S,"Chocolate Bar, Oh Henry!",58 g,"$1.69
 ea.",,$2.91 /100g,,,,https://www.metro.ca/en/online-grocery/search-page-36
NATURE VALLEY,"Dark Chocolate Chewy Granola Bars, Trail Mix",5 bars,"2 / 
$6.00",,or $3.99 ea. $1.71 /100g,,"Valid until Feb 7, 2024",,https://www.metro.ca/en/online-grocery/search-page-36
SELECTION,Coleslaw Dressing,475 mL,"$2.99
 ea.",,$0.63 /100ml,"Regular price
$3.69  ea.","Valid until Jan 24, 2024",https://product-images.metro.ca/images/h23/hc3/9693829005342.jpg,https://www.metro.ca/en/online-grocery/search-page-36
NUTRI,Large Brown Eggs,12 un,"$4.39
 ea.",,$0.37 /un.,"Regular price
$4.99  ea.","Valid until Feb 14, 2024",https://product-images.metro.ca/images/h54/hc2/10225164812318.jpg,https://www.metro.ca/en/online-grocery/search-page-36
IRRESISTIBLES,"Hungarian Salami, Artisan",,"$4.99
 / 100 g",,$49.90 /kg$22.63 /lb.,"Regular price
$53.90  / kg","Valid until Jan 17, 2024",,https://www.metro.ca/en/online-grocery/search-page-36
KELLOGG'S,"Marshmallow Flavoured Crispy Rice Squares, Rice Kris...","8 bars, 176 g","$2.99
 ea.",,$1.70 /100g,"Regular price
$4.49  ea.","Valid until Jan 10, 2024",,https://www.metro.ca/en/online-grocery/search-page-36
LACTANTIA,Traditional Garlic Spread,227 g,"$3.29
 ea.",,$1.45 /100g,,,https://product-images.metro.ca/images/h91/h4e/12050654429214.jpg,https://www.metro.ca/en/online-grocery/search-page-36
SELECTION,Smoked Salmon Flavoured Cream Cheese Spread,227 g,"$3.49
 ea.",,$1.54 /100g,"Regular price
$3.99  ea.","Valid until Feb 14, 2024",https://product-images.metro.ca/images/h9e/h62/10904137433118.jpg,https://www.metro.ca/en/online-grocery/search-page-36
SUMMER FRESH,Artichoke And Asiago Dip,227 g,"$4.79
 ea.",,$2.11 /100g,,,https://product-images.metro.ca/images/h64/h0d/9213091184670.jpg,https://www.metro.ca/en/online-grocery/search-page-36
SELECTION,Condensed Beef Consommé,284 mL,"2 / 
$2.22",,$0.39 /100ml,"Regular price
$2.29  ea.","Valid until Jan 24, 2024",https://product-images.metro.ca/images/h7e/h02/10134483468318.jpg,https://www.metro.ca/en/online-grocery/search-page-36
MARC ANGELO,Speck Smoked Prosciutto,100 g,"$8.49
 ea.",,$8.49 /100g,,,https://product-images.metro.ca/images/hf0/h90/9529835257886.jpg,https://www.metro.ca/en/online-grocery/search-page-36
MARS,"Chocolate Bar, Mars",52 g,"$1.69
 ea.",,$3.25 /100g,,,,https://www.metro.ca/en/online-grocery/search-page-36
SELECTION,10" Sun-Dried Tomato Flour Tortillas,6 un,"$5.29
 ea.",,$1.18 /100g,,,,https://www.metro.ca/en/online-grocery/search-page-36
POST,"Corn And Oats Cereal, Honeycomb",400 g,"$5.79
 ea.",,$1.45 /100g,,,,https://www.metro.ca/en/online-grocery/search-page-36
METROGO!,Traditionally Smoked Center Ham,A tray contains on average 650 g,"$12.88
 / 650 g",,$19.82 /kg$8.99 /lb.,"Regular price
$22.02  / kg","Valid until Jan 17, 2024",https://product-images.metro.ca/images/h61/h57/9233869537310.jpg,https://www.metro.ca/en/online-grocery/search-page-36
OLYMEL,Regular Bologna,,"$1.99
 / 100 g",,$19.90 /kg$9.03 /lb.,,,https://product-images.metro.ca/images/h66/h5d/9742403895326.jpg,https://www.metro.ca/en/online-grocery/search-page-36
HP,Steak Sauce And Baste For Meat In Squeezable Bottle,400 mL,"$4.49
 ea.",,$1.12 /100ml,"Regular price
$5.49  ea.","Valid until Jan 24, 2024",https://product-images.metro.ca/images/h6f/heb/9986927919134.jpg,https://www.metro.ca/en/online-grocery/search-page-36
IRRESISTIBLES,Basil Pesto,270 mL,"$4.49
 ea.",,$1.66 /100ml,"Regular price
$4.99  ea.","Valid until Jan 24, 2024",https://product-images.metro.ca/images/hb3/h91/9992189214750.jpg,https://www.metro.ca/en/online-grocery/search-page-36
POM,60% Whole Wheat English Muffins,"6 English muffins, 340 g","3 / 
$9.47",,or $4.49 ea. $0.53 /un.,,"Valid until Jan 10, 2024",https://product-images.metro.ca/images/h45/h75/10304053280798.jpg,https://www.metro.ca/en/online-grocery/search-page-36
LA CAGE,Frozen Sea Salt And Pepper Chicken Wings,550 g,"$8.99
 ea.",,$1.63 /100g,"Regular price
$15.99  ea.","Valid until Jan 10, 2024",https://product-images.metro.ca/images/h4f/h87/9532866166814.jpg,https://www.metro.ca/en/online-grocery/search-page-36
ACTIVIA,2.9% Blueberry Flavoured Probiotic Yogurt,650 g,"2 / 
$7.50",,or $5.49 ea. $0.58 /100g,,"Valid until Feb 14, 2024",https://product-images.metro.ca/images/hfd/h10/11816803827742.jpg,https://www.metro.ca/en/online-grocery/search-page-36
CUDDY,Classic Seasoned Turkey Breast,,"$5.19
 / 100 g",,$51.90 /kg$23.54 /lb.,,,https://product-images.metro.ca/images/hb7/h15/9254311788574.jpg,https://www.metro.ca/en/online-grocery/search-page-36
OIKOS,2% Banana Flavoured Greek Yogurts,4x100 g,"3 / 
$9.99",,or $4.99 ea. $0.83 /100g,,"Valid until Feb 14, 2024",https://product-images.metro.ca/images/hc6/h6b/11570856165406.jpg,https://www.metro.ca/en/online-grocery/search-page-36
MOTT'S,"Unsweetened Apple Sauce, Fruitsations",6x111 g,"$3.49
 ea.",,$0.56 /100g,,,,https://www.metro.ca/en/online-grocery/search-page-36
CATELLI,"Medium Pasta Bows, Classic",375 g,"$2.99
 ea.",,$0.80 /100g,,,,https://www.metro.ca/en/online-grocery/search-page-36
FONTAINE SANTÉ,Roasted Red Pepper Hummus,260 g,"2 / 
$7.00",,or $4.99 ea. $1.35 /100g,"Regular price
$5.29  ea.","Valid until Jan 10, 2024",https://product-images.metro.ca/images/h5a/h13/11133602725918.jpg,https://www.metro.ca/en/online-grocery/search-page-36
DR. OETKER,"Frozen Deluxe Thin Crust Pizza, Casa Di Mama",410 g,"$6.99
 ea.",,$1.70 /100g,"Regular price
$7.49  ea.","Valid until Feb 14, 2024",,https://www.metro.ca/en/online-grocery/search-page-36
CAMPBELL'S,Ready To Use Vegetable Broth With No Salt Added,900 mL,"$2.99
 ea.",,$0.33 /100ml,,,https://product-images.metro.ca/images/h7a/hb3/11693748355102.jpg,https://www.metro.ca/en/online-grocery/search-page-36
DR. OETKER,"Frozen Pepperoni Thin Crust Pizza, Casa Di Mama",395 g,"$6.99
 ea.",,$1.77 /100g,"Regular price
$7.49  ea.","Valid until Feb 14, 2024",,https://www.metro.ca/en/online-grocery/search-page-36
BON MATIN,"Multigrain Bread, No Sugar, No Fat Added",520 g,"2 / 
$8.88",,or $5.09 ea. $0.85 /100g,,"Valid until Jan 10, 2024",,https://www.metro.ca/en/online-grocery/search-page-36
MCCAIN,"Frozen Potato Pancakes, Breakfast",600 g,"$5.49
 ea.",,$0.92 /100g,"Regular price
$6.79  ea.","Valid until Feb 14, 2024",,https://www.metro.ca/en/online-grocery/search-page-36
DR. OETKER,"Frozen Hawaiian Pizza, Casa Di Mama",400 g,"$6.99
 ea.",,$1.75 /100g,"Regular price
$7.49  ea.","Valid until Feb 14, 2024",,https://www.metro.ca/en/online-grocery/search-page-37
CATELLI,"Long Macaroni, Classic",454 g,"$2.99
 ea.",,$0.66 /100g,,,,https://www.metro.ca/en/online-grocery/search-page-37
CAVENDISH FARMS,Frozen Crinkle Cut Fries,1 kg,"$5.79
 ea.",,$0.58 /100g,,,https://product-images.metro.ca/images/hd4/h44/10792033517598.jpg,https://www.metro.ca/en/online-grocery/search-page-37
TETLEY,Orange Pekoe Tea,72 un,"$6.99
 ea.",,$0.10 /un.,,,https://product-images.metro.ca/images/hbb/ha9/11477852848158.jpg,https://www.metro.ca/en/online-grocery/search-page-37
FRANK'S REDHOT,Original Cayenne Pepper Sauce,354 mL,"$5.29
 ea.",,$1.49 /100ml,,,https://product-images.metro.ca/images/hc3/hdf/10040035541022.jpg,https://www.metro.ca/en/online-grocery/search-page-37
YOPLAIT,"1.5% Duo Stirred Yogurt Variety Pack, Creamy",16x100 g,"$6.99
 ea.",,$0.44 /100g,"Regular price
$8.79  ea.","Valid until Feb 14, 2024",,https://www.metro.ca/en/online-grocery/search-page-37
CATELLI,"Thick And Smooth Tomato And Basil Pasta Sauce, Garde...",640 mL,"$2.99
 ea.",,$0.47 /100ml,"Regular price
$3.99  ea.","Valid until Jan 24, 2024",,https://www.metro.ca/en/online-grocery/search-page-37
CAVENDISH FARMS,"Frozen Extra Thin Gourmet Fries, Restaurant Style",750 g,"$4.99
 ea.",,$0.67 /100g,,,,https://www.metro.ca/en/online-grocery/search-page-37
LIBERTÉ,"0% Strawberry Yogurt, Greek",4x100 g,"$4.99
 ea.",,$1.25 /100g,,,,https://www.metro.ca/en/online-grocery/search-page-37
OLYMEL,Old Fashionned Smoked Ham,,"$3.59
 / 100 g",,$35.90 /kg$16.28 /lb.,,,https://product-images.metro.ca/images/hfe/h0d/9742271610910.jpg,https://www.metro.ca/en/online-grocery/search-page-37
IRRESISTIBLES,"Frozen Mascarpone Mushroom Thin Crust Pizza, Gusto I...",350 g,"$5.49
 ea.",,$1.57 /100g,,,,https://www.metro.ca/en/online-grocery/search-page-37
SELECTION,Flake Style Crab Flavoured Pollock,227 g,"$4.99
 ea.",,$2.20 /100g,,,https://product-images.metro.ca/images/h94/h34/11133649387550.jpg,https://www.metro.ca/en/online-grocery/search-page-37
LIBERTÉ,2% Vanilla Yogurt,750 g,"$5.97
 ea.",,$0.80 /100g,"Regular price
$8.29  ea.","Valid until Jan 10, 2024",https://product-images.metro.ca/images/hd0/hda/10685941415966.jpg,https://www.metro.ca/en/online-grocery/search-page-37
OASIS,"Orange Juice, Pure Breakfast",8x200 mL,"$5.79
 ea.",,$0.36 /100ml,,,,https://www.metro.ca/en/online-grocery/search-page-37
SELECTION,Butterscotch Pudding Snacks,4 un,"3 / 
$5.00",,$0.42 /un.,"Regular price
$1.99  ea.","Valid until Feb 7, 2024",https://product-images.metro.ca/images/h86/hfd/10822720061470.jpg,https://www.metro.ca/en/online-grocery/search-page-37
NATREL,"Skim Milk, Fine-Filtered",2 L,"$5.29
 ea.",,$0.26 /100ml,,,,https://www.metro.ca/en/online-grocery/search-page-37
RIVIERA,Fresh Daily Curd Cheese,,"$3.90
 avg. ea.",(135 g avg.),$28.90 /kg$13.11 /lb.,"Regular price
$32.90  avg. kg","Valid until Jan 17, 2024",https://product-images.metro.ca/images/h45/h39/8869580374046.jpg,https://www.metro.ca/en/online-grocery/search-page-37
MCCAIN,"Frozen Marble Cake, Deep'N Delicious",510 g,"$7.49
 ea.",,$1.47 /100g,,,,https://www.metro.ca/en/online-grocery/search-page-37
SELECTION,Mushroom Pieces And Stems,284 mL,"$1.49
 ea.",,$0.52 /100ml,"Regular price
$1.99  ea.","Valid until Jan 24, 2024",https://product-images.metro.ca/images/hfe/h47/9518775533598.jpg,https://www.metro.ca/en/online-grocery/search-page-37
IRRESISTIBLES,Snails In Water,200 g,"$2.99
 ea.",,$2.60 /100g,,,https://www.metro.ca/images/shared/placeholders/icon-no-picture.svg?v=2023.71.1.d1,https://www.metro.ca/en/online-grocery/search-page-37
NATURE VALLEY,"Fruit Amd Nut Chewy Granola Bars, Trail Mix",5 bars,"2 / 
$6.00",,or $3.99 ea. $1.71 /100g,,"Valid until Feb 7, 2024",,https://www.metro.ca/en/online-grocery/search-page-37
IRRESISTIBLES,"Frozen Prime Rib Burgers, Butcher Shop",852 g,"$18.99
 ea.",,$2.23 /100g,,,,https://www.metro.ca/en/online-grocery/search-page-37
MAPLE LEAF,"Smoked Black Forest Ham, Natural Selections",175 g,"$8.99
 ea.",,$5.14 /100g,,"Valid until Jan 10, 2024",,https://www.metro.ca/en/online-grocery/search-page-37
KNORR,"Butter And Herb Pasta, Sidekicks",136 g,"3 / 
$7.00",,$1.72 /100g,"Regular price
$2.79  ea.","Valid until Jan 24, 2024",,https://www.metro.ca/en/online-grocery/search-page-37
MARS,"Chocolate Bar, Snickers",52 g,"$1.69
 ea.",,$3.25 /100g,,,,https://www.metro.ca/en/online-grocery/search-page-37
CAMPBELL'S,Ready To Use Vegetable Broth,900 mL,"$2.99
 ea.",,$0.33 /100ml,,,https://product-images.metro.ca/images/h39/hd5/10020580786206.jpg,https://www.metro.ca/en/online-grocery/search-page-37
COCA-COLA,"Zero Calorie Soft Drinks, Zero Sugar",12x355 mL,"$6.98
 ea.",,$0.16 /100ml,"Regular price
$7.99  ea.","Valid until Jan 10, 2024",,https://www.metro.ca/en/online-grocery/search-page-37
Q-TIPS,Cotton Swabs,400 un,"$4.99
 ea.",,$0.01 /un.,,,https://product-images.metro.ca/images/h15/h8c/11570782142494.jpg,https://www.metro.ca/en/online-grocery/search-page-37
SARA LEE,Oatmeal Cookies,300 g,"3 / 
$10.97",,or $4.99 ea. $1.22 /100g,"Regular price
$5.49  ea.","Valid until Jan 10, 2024",https://product-images.metro.ca/images/h98/h9f/10715290533918.jpg,https://www.metro.ca/en/online-grocery/search-page-37
VH,Cherry Dipping Sauce,341 mL,"2 / 
$8.00",,$1.17 /100ml,"Regular price
$4.69  ea.","Valid until Jan 24, 2024",https://product-images.metro.ca/images/h7d/he1/9519168913438.jpg,https://www.metro.ca/en/online-grocery/search-page-37
SELECTION,Apple Juice From Concentrate With Added Vitamin C,1 L,"$1.49
 ea.",,$0.15 /100ml,"Regular price
$1.89  ea.","Valid until Jan 24, 2024",https://product-images.metro.ca/images/ha6/h07/11520992411678.jpg,https://www.metro.ca/en/online-grocery/search-page-38
QUE PASA,Organic Unsalted Tortilla Chips,350 g,"$4.99
 ea.",,$1.43 /100g,,,https://product-images.metro.ca/images/h00/h05/11493067358238.jpg,https://www.metro.ca/en/online-grocery/search-page-38
FONTAINE SANTÉ,Tzatziki Dip,255 g,"$4.99
 ea.",,$1.96 /100g,"Regular price
$5.79  ea.","Valid until Jan 17, 2024",https://product-images.metro.ca/images/h00/h88/11133611769886.jpg,https://www.metro.ca/en/online-grocery/search-page-38
AURORA,Extra Virgin Olive Oil,750 mL,"$14.49
 ea.",,$1.93 /100ml,,,https://product-images.metro.ca/images/h0d/h0e/12174886240286.jpg,https://www.metro.ca/en/online-grocery/search-page-38
SANTOSH,Plain Naan Bread,500 g,"$4.79
 ea.",,$0.96 /100g,,,https://product-images.metro.ca/images/h7f/h5d/9533400088606.jpg,https://www.metro.ca/en/online-grocery/search-page-38
ZIPLOC,Medium Heavy Duty Freezer Bags,19 un,"$5.99
 ea.",,$0.32 /un.,,,https://product-images.metro.ca/images/h1a/h56/11665302585374.jpg,https://www.metro.ca/en/online-grocery/search-page-38
MINUTE RICE,Pre-Cooked Long Grain White Rice,700 g,"$4.99
 ea.",,$0.71 /100g,"Regular price
$5.99  ea.","Valid until Jan 24, 2024",https://product-images.metro.ca/images/h64/hf7/11198043553822.jpg,https://www.metro.ca/en/online-grocery/search-page-38
SELECTION,Resealable Sandwich Bags,100 un,"$3.99
 ea.",,$0.04 /un.,,,https://product-images.metro.ca/images/h49/hf2/10091085234206.jpg,https://www.metro.ca/en/online-grocery/search-page-38
OASIS,100% Juice Blend Variety Pack,40x200 mL,"$15.99
 ea.",,$0.20 /100ml,,,https://product-images.metro.ca/images/hbc/hc0/12230540394526.jpg,https://www.metro.ca/en/online-grocery/search-page-38
TRISCUIT,Orginal Crispy Crackers,200 g,"$4.49
 ea.",,$2.25 /100g,,,https://product-images.metro.ca/images/h0f/h25/11257130582046.jpg,https://www.metro.ca/en/online-grocery/search-page-38
OREO,Thin Chocolate Sandwich Cookies,287 g,"$3.79
 ea.",,$1.32 /100g,"Regular price
$4.79  ea.","Valid until Jan 24, 2024",https://product-images.metro.ca/images/h1f/h95/11068792832030.jpg,https://www.metro.ca/en/online-grocery/search-page-38
GENERAL MILLS,"Oats Cereal Value Pack, Cheerios",570 g,"$8.99
 ea.",,$1.58 /100g,,,,https://www.metro.ca/en/online-grocery/search-page-38
ASTRO,"4% Vanilla Flavoured Balkan Style Yogurt, Original",650 g,"$4.69
 ea.",,$0.72 /100g,,,,https://www.metro.ca/en/online-grocery/search-page-38
OCEAN SPRAY,"Original Dried Cranberries, Craisins",340 g,"$4.99
 ea.",,$1.47 /100g,"Regular price
$5.99  ea.","Valid until Jan 17, 2024",,https://www.metro.ca/en/online-grocery/search-page-38
SELECTION,Light Mild Marble Cheddar Cheese,400 g,"$3.97
 ea.",,$0.99 /100g,"Regular price
$6.49  ea.","Valid until Jan 10, 2024",https://product-images.metro.ca/images/hfa/h72/9518524891166.jpg,https://www.metro.ca/en/online-grocery/search-page-38
RIVIERA,Shredded Lactose Free Parmesan Cheese,170 g,"$8.49
 ea.",,$4.99 /100g,,,https://product-images.metro.ca/images/hb2/h16/9640192180254.jpg,https://www.metro.ca/en/online-grocery/search-page-38
METROGO!,Chicken Chinese Macaroni,,"$6.57
 avg. ea.",(300 g avg.),$21.90 /kg$9.93 /lb.,,,https://product-images.metro.ca/images/h3c/h91/11926642327582.jpg,https://www.metro.ca/en/online-grocery/search-page-38
TENDERFLAKE,Pure Lard,454 g,"$6.49
 ea.",,$1.43 /100g,,,https://product-images.metro.ca/images/had/hd7/11849378889758.jpg,https://www.metro.ca/en/online-grocery/search-page-38
LAY'S,"Original Flavour Crisps, Stax",163 g,"$2.99
 ea.",,$1.83 /100g,,,,https://www.metro.ca/en/online-grocery/search-page-38
SNACK PACK,Butterscotch Pudding Cups,4x99 g,"$2.99
 ea.",,$0.75 /un.,,,https://product-images.metro.ca/images/h70/h07/10882771877918.jpg,https://www.metro.ca/en/online-grocery/search-page-38
QUÉBON,"15% Country Style Cream, Ultra'Cream",237 mL,"$2.49
 ea.",,$1.05 /100ml,,,,https://www.metro.ca/en/online-grocery/search-page-38
KELLOGG'S,"Frozen Buttermilk Waffles, Eggo",280 g,"$3.99
 ea.",,$1.42 /100g,"Regular price
$4.79  ea.","Valid until Feb 14, 2024",,https://www.metro.ca/en/online-grocery/search-page-38
PASTENE,Flavoured Tomato Paste,156 mL,"$1.79
 ea.",,$1.15 /100ml,,,https://product-images.metro.ca/images/h99/h04/11642921811998.jpg,https://www.metro.ca/en/online-grocery/search-page-38
,Chicken Cutlets,3 cutlets per tray,"$5.20
 avg. ea.",(225 g avg.),$23.13 /kg$10.49 /lb.,"Regular price
$24.23  avg. kg","Valid until Jan 10, 2024",https://product-images.metro.ca/images/h73/ha2/8886493675550.jpg,https://www.metro.ca/en/online-grocery/search-page-38
PURE LIFE,Lemon Flavoured Sparkling Water,1 L,"$0.99
 ea.",,$0.10 /100ml,,,https://product-images.metro.ca/images/h8e/h23/11540996063262.jpg,https://www.metro.ca/en/online-grocery/search-page-38
RITZ,Cheese Flavoured Sandwich Crackers,180 g,"$3.49
 ea.",,$1.94 /100g,"Regular price
$4.19  ea.","Valid until Jan 24, 2024",https://product-images.metro.ca/images/he7/hca/11068785393694.jpg,https://www.metro.ca/en/online-grocery/search-page-38
IRRESISTIBLES,French Vanilla Flavoured Ice Cream,1.5 L,"$5.49
 ea.",,$0.37 /100ml,"Regular price
$7.29  ea.","Valid until Jan 10, 2024",https://product-images.metro.ca/images/h99/h7f/11521309900830.jpg,https://www.metro.ca/en/online-grocery/search-page-38
DOLE,Pineapple Slices In Pineapple Juice,398 mL,"$2.99
 ea.",,$0.75 /100ml,,,https://product-images.metro.ca/images/h5c/h77/10433053753374.jpg,https://www.metro.ca/en/online-grocery/search-page-38
,Pork Chops Duo,6 chops per tray,"$21.69
 avg. ea.","(1,700 g avg.)",$12.76 /kg$5.79 /lb.,,,https://product-images.metro.ca/images/hb1/h39/11868096167966.jpg,https://www.metro.ca/en/online-grocery/search-page-38
LA FROMAGERIE BOIVIN,Fresh Cheddar Cheese Curds,1 un,"$4.11
 avg. ea.",(125 g avg.),$32.90 /kg$14.92 /lb.,,,https://product-images.metro.ca/images/h3b/h2d/8869618384926.jpg,https://www.metro.ca/en/online-grocery/search-page-38
LEA & PERRINS,Worcestershire Sauce,142 mL,"$2.99
 ea.",,$2.11 /100ml,"Regular price
$3.49  ea.","Valid until Jan 24, 2024",https://product-images.metro.ca/images/h69/h43/9986900787230.jpg,https://www.metro.ca/en/online-grocery/search-page-39
PAM,Canola Oil No-Stick Cooking Spray,170 g,"$5.79
 ea.",,$3.41 /100g,"Regular price
$6.79  ea.","Valid until Feb 7, 2024",https://product-images.metro.ca/images/h05/hb3/10250221879326.jpg,https://www.metro.ca/en/online-grocery/search-page-39
SELECTION,Soy Sauce,450 mL,"$1.99
 ea.",,$0.44 /100ml,"Regular price
$2.49  ea.","Valid until Jan 24, 2024",https://product-images.metro.ca/images/h17/hd4/9098476552222.jpg,https://www.metro.ca/en/online-grocery/search-page-39
PLAISIRS GASTRONOMIQUES,Meat Pie,585 g,"$9.99
 ea.",,$1.71 /100g,,,https://product-images.metro.ca/images/hd2/hf5/9529749471262.jpg,https://www.metro.ca/en/online-grocery/search-page-39
V8,Low Sodium Vegetable Cocktail,6x156 mL,"2 / 
$7.00",,$0.37 /100ml,"Regular price
$4.49  ea.","Valid until Jan 10, 2024",https://product-images.metro.ca/images/h2d/ha4/12050619957278.jpg,https://www.metro.ca/en/online-grocery/search-page-39
SELECTION,Spaghetti,900 g,"$1.47
 ea.",,$0.16 /100g,"Regular price
$2.99  ea.","Valid until Jan 10, 2024",https://product-images.metro.ca/images/h3c/h32/10402327920670.jpg,https://www.metro.ca/en/online-grocery/search-page-39
SELECTION,Smooth Peanut Butter,500 g,"$3.49
 ea.",,$0.70 /100g,"Regular price
$4.49  ea.","Valid until Feb 7, 2024",https://product-images.metro.ca/images/h93/he3/9518977613854.jpg,https://www.metro.ca/en/online-grocery/search-page-39
TRE STELLE,Ricotta Cheese,475 g,"$8.29
 ea.",,$1.75 /100g,"Regular price
$8.99  ea.","Valid until Jan 17, 2024",https://product-images.metro.ca/images/h6f/h79/10821292982302.jpg,https://www.metro.ca/en/online-grocery/search-page-39
LA FERNANDIÈRE,Bacon-Cheddar And Mediterranean Sausage Combo,675 g,"$10.49
 ea.",,$1.55 /100g,,,https://product-images.metro.ca/images/h60/hba/11432681701406.jpg,https://www.metro.ca/en/online-grocery/search-page-39
COATICOOK,Maple And Walnut Flavoured Old-Fashioned Ice Cream,2 L,"$5.99
 ea.",,$0.30 /100ml,,,https://product-images.metro.ca/images/h1e/h82/11477796782110.jpg,https://www.metro.ca/en/online-grocery/search-page-39
IRRESISTIBLES,Pralines And Cream Ice Cream,1.5 L,"$5.49
 ea.",,$0.37 /100ml,"Regular price
$7.29  ea.","Valid until Jan 10, 2024",https://product-images.metro.ca/images/hf1/hd4/11521035010078.jpg,https://www.metro.ca/en/online-grocery/search-page-39
,Organic English Cucumber,Sold individually,"2 / 
$6.00",,$3.00 /un.,"Regular price
$3.49  ea.","Valid until Jan 10, 2024",https://product-images.metro.ca/images/hf6/hea/8889232490526.jpg,https://www.metro.ca/en/online-grocery/search-page-39
CAMPBELL'S,Ready To Use No Salt Added Beef Broth,900 mL,"$2.99
 ea.",,$0.33 /100ml,,,https://product-images.metro.ca/images/hd2/h63/11693725909022.jpg,https://www.metro.ca/en/online-grocery/search-page-39
POGO,Frozen Original Cooked Weiners On A Stick,"20 wieners, 1.5 kg","$20.99
 ea.",,$1.40 /100g,,,https://product-images.metro.ca/images/h8c/h45/9526447341598.jpg,https://www.metro.ca/en/online-grocery/search-page-39
IMPERIAL,Popcorn,300 g,"$4.69
 ea.",,$1.56 /100g,,,https://product-images.metro.ca/images/hf7/h87/9836205244446.jpg,https://www.metro.ca/en/online-grocery/search-page-39
BEATRICE,5% Light Sour Cream,500 mL,"$3.99
 ea.",,$0.80 /100ml,"Regular price
$4.69  ea.","Valid until Feb 14, 2024",https://product-images.metro.ca/images/hdf/hdd/11157667315742.jpg,https://www.metro.ca/en/online-grocery/search-page-39
DR. OETKER,"Frozen Pepperoni And Pesto Thin Crust Pizza, Ristorante",360 g,"$6.99
 ea.",,$1.94 /100g,"Regular price
$7.49  ea.","Valid until Feb 14, 2024",,https://www.metro.ca/en/online-grocery/search-page-39
ESTA,Hot Chicken Sauce,398 mL,"$2.49
 ea.",,$0.63 /100ml,"Regular price
$3.29  ea.","Valid until Jan 10, 2024",https://product-images.metro.ca/images/h0d/h29/11281593368606.jpg,https://www.metro.ca/en/online-grocery/search-page-39
BON MATIN,"Seed Lovers Bread, No Sugar, No Fat Added",600 g,"2 / 
$8.88",,or $5.09 ea. $0.74 /100g,,"Valid until Jan 10, 2024",,https://www.metro.ca/en/online-grocery/search-page-39
PASTENE,Plain Bread Crumbs,425 g,"$4.79
 ea.",,$1.13 /100g,,,https://product-images.metro.ca/images/h87/hf1/9526841475102.jpg,https://www.metro.ca/en/online-grocery/search-page-39
SELECTION,Lentils,540 mL,"$2.49
 ea.",,$0.46 /100ml,,,https://product-images.metro.ca/images/h14/h0f/9518931247134.jpg,https://www.metro.ca/en/online-grocery/search-page-39
LAFLEUR,"Old Fashioned Smoked Ham, P'Tit Caprice",550 g,"$12.99
 ea.",,$2.36 /100g,"Regular price
$13.99  ea.","Valid until Jan 10, 2024",,https://www.metro.ca/en/online-grocery/search-page-39
SMUCKER'S,"Raspberry Jam, Pure",500 mL,"$7.99
 ea.",,$1.60 /100ml,"Regular price
$8.49  ea.","Valid until Feb 7, 2024",,https://www.metro.ca/en/online-grocery/search-page-39
SELECTION,Ice Cream Cups,18 un,"$1.99
 ea.",,$0.11 /un.,,,https://product-images.metro.ca/images/h56/h06/10250238263326.jpg,https://www.metro.ca/en/online-grocery/search-page-39
DARE,"Chocolate Covered Marshmallow Strawberry Cookies, Wh...",250 g,"$4.49
 ea.",,$1.80 /100g,,,,https://www.metro.ca/en/online-grocery/search-page-39
CLASSICO,"Alfredo And Roasted Garlic Pasta Sauce, Di Sorrento",410 mL,"$5.49
 ea.",,$1.34 /100ml,,,,https://www.metro.ca/en/online-grocery/search-page-39
SELECTION,Whole Kernel Corn,540 mL,"$2.29
 ea.",,$0.42 /100ml,"Regular price
$2.69  ea.","Valid until Jan 10, 2024",https://product-images.metro.ca/images/h56/h5f/9518812921886.jpg,https://www.metro.ca/en/online-grocery/search-page-39
OIKOS,0% Plain Greek Yogurt,750 g,"$7.99
 ea.",,$1.07 /100g,,,https://product-images.metro.ca/images/he6/h75/11590650396702.jpg,https://www.metro.ca/en/online-grocery/search-page-39
OLD EL PASO,Taco Seasoning Mix,24 g,"2 / 
$3.00",,$6.25 /100g,"Regular price
$2.49  ea.","Valid until Jan 24, 2024",https://product-images.metro.ca/images/h2d/h00/10393715048478.jpg,https://www.metro.ca/en/online-grocery/search-page-39
LECLERC,"Maple Leaf Cookies, Tradition",350 g,"$4.99
 ea.",,$1.43 /100g,,,,https://www.metro.ca/en/online-grocery/search-page-40
SELECTION,Orzo,375 g,"$1.47
 ea.",,$0.39 /100g,"Regular price
$2.69  ea.","Valid until Jan 10, 2024",https://product-images.metro.ca/images/h94/he3/10402323005470.jpg,https://www.metro.ca/en/online-grocery/search-page-40
MIKES,Original Recipe Pizza Sauce,240 mL,"$3.49
 ea.",,$1.45 /100ml,"Regular price
$4.29  ea.","Valid until Jan 24, 2024",https://product-images.metro.ca/images/haf/h08/11257116426270.jpg,https://www.metro.ca/en/online-grocery/search-page-40
KNORR,Parma-Rosa Sauce Mix,1 un,"$2.49
 ea.",,$2.49 /un.,,,https://product-images.metro.ca/images/he0/hcb/11857616961566.jpg,https://www.metro.ca/en/online-grocery/search-page-40
CAMPBELL'S,Condensed Cream Of Chicken,284 mL,"$2.29
 ea.",,$0.81 /100ml,"Regular price
$2.99  ea.","Valid until Jan 24, 2024",https://product-images.metro.ca/images/ha0/h0a/10509521715230.jpg,https://www.metro.ca/en/online-grocery/search-page-40
PRINGLES,Sour Cream And Onion Flavoured Chips,156 g,"$3.99
 ea.",,$2.56 /100g,,,https://product-images.metro.ca/images/hd6/h80/10250271162398.jpg,https://www.metro.ca/en/online-grocery/search-page-40
FONTAINE SANTÉ,Tzatziki Sour Cream Dip,255 g,"$4.99
 ea.",,$1.96 /100g,"Regular price
$5.79  ea.","Valid until Jan 17, 2024",https://product-images.metro.ca/images/h60/h94/11133602955294.jpg,https://www.metro.ca/en/online-grocery/search-page-40
PRIMO,Penne Rigate,900 g,"$2.99
 ea.",,$0.33 /100g,"Regular price
$3.79  ea.","Valid until Jan 24, 2024",https://product-images.metro.ca/images/hd3/h36/9518894317598.jpg,https://www.metro.ca/en/online-grocery/search-page-40
ARCTIC GARDENS,Frozen Super Sweet Corn,750 g,"$1.99
 ea.",,$0.27 /100g,"Regular price
$5.49  ea.","Valid until Jan 10, 2024",https://product-images.metro.ca/images/h3b/h14/11477802057758.jpg,https://www.metro.ca/en/online-grocery/search-page-40
FONTAINE SANTÉ,Roasted Garlic Hummus,260 g,"2 / 
$7.00",,or $4.99 ea. $1.35 /100g,"Regular price
$5.29  ea.","Valid until Jan 10, 2024",https://product-images.metro.ca/images/h57/he0/11133608525854.jpg,https://www.metro.ca/en/online-grocery/search-page-40
CLASSICO,"Spicy Red Pepper Pasta Sauce, Di Roma Arrabbiata",650 mL,"$5.49
 ea.",,$0.84 /100ml,,,,https://www.metro.ca/en/online-grocery/search-page-40
LIBERTÉ,"5% Extra Creamy Vanilla Bean Yogurt, Greek",4x100 g,"$4.99
 ea.",,$1.25 /100g,,,,https://www.metro.ca/en/online-grocery/search-page-40
MOTT'S,"Original Low Sodium Vegetable Juice, Garden Cocktail",945 mL,"$2.99
 ea.",,$0.32 /100ml,,,,https://www.metro.ca/en/online-grocery/search-page-40
MAPLE LEAF,"Shaved Hickory Smoked Turkey Breast, Natural Selections",175 g,"$8.99
 ea.",,$5.14 /100g,,"Valid until Jan 10, 2024",,https://www.metro.ca/en/online-grocery/search-page-40
SELECTION,Macaroni Salad,454 g,"$2.99
 ea.",,$0.66 /100g,"Regular price
$3.49  ea.","Valid until Jan 10, 2024",https://product-images.metro.ca/images/hc7/haf/11521060306974.jpg,https://www.metro.ca/en/online-grocery/search-page-40
SELECTION,Ice Cream Cups,36 un,"$2.99
 ea.",,$0.08 /un.,,,https://product-images.metro.ca/images/h25/h6c/10822716293150.jpg,https://www.metro.ca/en/online-grocery/search-page-40
MASTRO,Sliced Genoa Salami,150 g,"$6.99
 ea.",,$4.66 /100g,"Regular price
$7.99  ea.","Valid until Jan 17, 2024",https://product-images.metro.ca/images/h09/h6b/9179898806302.jpg,https://www.metro.ca/en/online-grocery/search-page-40
SELECTION,"Scented Clumping Cat Litter, Value Pack",18 kg,"$10.49
 ea.",,$0.06 /100g,,,,https://www.metro.ca/en/online-grocery/search-page-40
ROBIN HOOD,Unbleached All-Purpose Flour,2.5 kg,"$6.49
 ea.",,$0.26 /100g,"Regular price
$7.49  ea.","Valid until Feb 7, 2024",https://product-images.metro.ca/images/h34/h8d/10475412783134.jpg,https://www.metro.ca/en/online-grocery/search-page-40
NATREL,"1% Chocolate Milk, Fine-Filtered",6x200 mL,"$4.99
 ea.",,$0.42 /100ml,"Regular price
$6.99  ea.","Valid until Jan 10, 2024",,https://www.metro.ca/en/online-grocery/search-page-40
METROGO!,Broccoli Salad,,"$4.46
 avg. ea.",(160 g avg.),$27.90 /kg$12.66 /lb.,"Regular price
$4.62  avg. ea.","Valid until Jan 10, 2024",https://product-images.metro.ca/images/hd9/h14/11926681255966.jpg,https://www.metro.ca/en/online-grocery/search-page-40
OLD EL PASO,Hard & Soft Taco Dinner Kit,340 g,"$6.99
 ea.",,$2.06 /100g,,,https://product-images.metro.ca/images/h87/h7f/12174897610782.jpg,https://www.metro.ca/en/online-grocery/search-page-40
CAVENDISH FARMS,Frozeb Hash Brown Patties,1.2 kg,"$7.99
 ea.",,$0.67 /100g,,,https://product-images.metro.ca/images/h67/hbe/10201475776542.jpg,https://www.metro.ca/en/online-grocery/search-page-40
ASTRO,"6% Cappuccino Flavoured Balkan Style Yogurt, Original",650 g,"$4.69
 ea.",,$0.72 /100g,,,,https://www.metro.ca/en/online-grocery/search-page-40
TOSTITOS,Mild Salsa,645 mL,"$5.99
 ea.",,$0.93 /100ml,,,https://product-images.metro.ca/images/he5/h53/10509545603102.jpg,https://www.metro.ca/en/online-grocery/search-page-40
IRRESISTIBLES,Extra Virgin Olive Oil,500 mL,"$10.49
 ea.",,$2.10 /100ml,,,https://product-images.metro.ca/images/h68/h60/10475429232670.jpg,https://www.metro.ca/en/online-grocery/search-page-40
ST-MÉTHODE,Sliced White Bread,500 g,"2 / 
$8.78",,or $5.39 ea. $0.88 /100g,,"Valid until Jan 10, 2024",https://product-images.metro.ca/images/hfb/h98/10123688542238.jpg,https://www.metro.ca/en/online-grocery/search-page-40
FUDGSICLE,Fudge Frozen Dairy Dessert Bars,12x60 mL,"$6.79
 ea.",,$0.94 /100ml,,,https://product-images.metro.ca/images/h43/h10/12279390339102.jpg,https://www.metro.ca/en/online-grocery/search-page-40
,Beef Skewer Cubes,8 cubes per tray,"$8.87
 avg. ea.",(350 g avg.),$25.33 /kg$11.49 /lb.,"Regular price
$26.43  avg. kg","Valid until Jan 10, 2024",https://product-images.metro.ca/images/h82/h6d/8886411329566.jpg,https://www.metro.ca/en/online-grocery/search-page-40
SELECTION,Onion Soup Mix,2 un,"$2.29
 ea.",,$1.15 /un.,,,https://www.metro.ca/images/shared/placeholders/icon-no-picture.svg?v=2023.71.1.d1,https://www.metro.ca/en/online-grocery/search-page-40
ACTIVIA,2.9% Pear Flavoured Probiotic Yogurt,650 g,"2 / 
$7.50",,or $5.49 ea. $0.58 /100g,,"Valid until Feb 14, 2024",https://product-images.metro.ca/images/h4d/h5f/11665324507166.jpg,https://www.metro.ca/en/online-grocery/search-page-41
SPRITE,Lemon-Lime Soft Drink,12x355 mL,"$6.98
 ea.",,$0.16 /100ml,"Regular price
$7.99  ea.","Valid until Jan 10, 2024",https://product-images.metro.ca/images/h25/hc4/11994759004190.jpg,https://www.metro.ca/en/online-grocery/search-page-41
ROYALE,1-Ply Napkins,240 un,"$6.79
 ea.",,$0.03 /un.,,,https://product-images.metro.ca/images/hc6/h95/8808755757086.jpg,https://www.metro.ca/en/online-grocery/search-page-41
METROGO!,Lebanese Salad,,"$4.27
 avg. ea.",(195 g avg.),$21.90 /kg$9.93 /lb.,,,https://product-images.metro.ca/images/h92/ha4/11926698098718.jpg,https://www.metro.ca/en/online-grocery/search-page-41
SELECTION,Cut Wax Beans,398 mL,"$2.29
 ea.",,$0.58 /100ml,,,https://product-images.metro.ca/images/he1/h59/9518888681502.jpg,https://www.metro.ca/en/online-grocery/search-page-41
REALEMON,Lemon Juice,945 mL,"$3.99
 ea.",,$0.42 /100ml,,,https://product-images.metro.ca/images/h16/hb6/8812121751582.jpg,https://www.metro.ca/en/online-grocery/search-page-41
TROPICANA,"Orange Juice Without Pulp, Trop50",1.54 L,"$5.99
 ea.",,$0.39 /100ml,,,,https://www.metro.ca/en/online-grocery/search-page-41
ASTRO,"6% Plain Balkan Style Yogurt, Original",750 g,"$4.69
 ea.",,$0.63 /100g,,,,https://www.metro.ca/en/online-grocery/search-page-41
TRE STELLE,Bocconcini Cheese Pearls,200 g,"$6.99
 ea.",,$3.50 /100g,"Regular price
$7.79  ea.","Valid until Jan 17, 2024",https://product-images.metro.ca/images/he1/h51/10821287510046.jpg,https://www.metro.ca/en/online-grocery/search-page-41
HELLMANN'S,Reduced Fat Light Mayonnaise Type Dressing,750 mL,"$6.99
 ea.",,$0.93 /100ml,"Regular price
$8.49  ea.","Valid until Jan 24, 2024",https://product-images.metro.ca/images/hf2/h96/11660190941214.jpg,https://www.metro.ca/en/online-grocery/search-page-41
CHAPMAN'S,Vanilla Super Ice Cream Sandwiches,12x120 mL,"$8.49
 ea.",,$0.59 /100ml,,,https://product-images.metro.ca/images/h6b/h05/9963295670302.jpg,https://www.metro.ca/en/online-grocery/search-page-41
TOSTITOS,Medium Salsa,645 mL,"$5.99
 ea.",,$0.93 /100ml,,,https://product-images.metro.ca/images/h8b/ha6/10509550977054.jpg,https://www.metro.ca/en/online-grocery/search-page-41
VH,"Medium Garlic Rib Cooking Sauce, Chinese",341 mL,"2 / 
$8.00",,$1.17 /100ml,"Regular price
$4.69  ea.","Valid until Jan 24, 2024",,https://www.metro.ca/en/online-grocery/search-page-41
KINDER SURPRISE,Milk Chocolate Egg With Surprise Toy,20 g,"$1.99
 ea.",,$9.95 /100g,,,https://product-images.metro.ca/images/h13/h84/12174872576030.jpg,https://www.metro.ca/en/online-grocery/search-page-41
METROGO!,Pizza Submarine,,"$6.99
 ea.",,$2.25 /100g,,,https://product-images.metro.ca/images/hc4/h91/11926651404318.jpg,https://www.metro.ca/en/online-grocery/search-page-41
OLD EL PASO,Large Flour Tortillas,8 un,"$3.49
 ea.",,$1.04 /100g,"Regular price
$3.99  ea.","Valid until Jan 24, 2024",https://product-images.metro.ca/images/h7f/hcc/10413195001886.jpg,https://www.metro.ca/en/online-grocery/search-page-41
CADBURY,"Chocolate Bar, Mr.Big",60 g,"$1.69
 ea.",,$2.82 /100g,,,,https://www.metro.ca/en/online-grocery/search-page-41
JIF,Creamy Peanut Butter,500 g,"$5.79
 ea.",,$1.16 /100g,,,https://product-images.metro.ca/images/h9c/h60/11849385803806.jpg,https://www.metro.ca/en/online-grocery/search-page-41
TRISCUIT,Low Sodium Crackers,200 g,"$4.49
 ea.",,$2.25 /100g,,,https://product-images.metro.ca/images/haf/h50/11117343735838.jpg,https://www.metro.ca/en/online-grocery/search-page-41
IRRESISTIBLES,"Amber Pure Honey, Organics",375 g,"$9.99
 ea.",,$2.66 /100g,,,,https://www.metro.ca/en/online-grocery/search-page-41
BLACK DIAMOND,"Mozzarella Cheese Sticks, Cheesetrings",16 sticks,"$8.79
 ea.",,$2.62 /100g,,,,https://www.metro.ca/en/online-grocery/search-page-41
CANTON,Beef And Onion Broth For Fondue And Cooking,1.1 L,"$4.99
 ea.",,$0.45 /100ml,"Regular price
$5.79  ea.","Valid until Jan 24, 2024",https://product-images.metro.ca/images/h82/h23/11088026304542.jpg,https://www.metro.ca/en/online-grocery/search-page-41
SELECTION,Dry Roasted Seasoned Peanuts,700 g,"$5.99
 ea.",,$0.86 /100g,"Regular price
$6.49  ea.","Valid until Jan 24, 2024",https://product-images.metro.ca/images/h40/h10/10715197407262.jpg,https://www.metro.ca/en/online-grocery/search-page-41
DARE,"Dates Soft Oatmeal Cookies, Maxi Fruits",280 g,"$1.99
 ea.",,$0.71 /100g,"Regular price
$4.49  ea.","Valid until Jan 10, 2024",,https://www.metro.ca/en/online-grocery/search-page-41
CATELLI,"Thick And Smooth Garlic And Onion Pasta Sauce, Garde...",640 mL,"$2.99
 ea.",,$0.47 /100ml,"Regular price
$3.99  ea.","Valid until Jan 24, 2024",,https://www.metro.ca/en/online-grocery/search-page-41
DOLE,Fruit Salad Extra Cherries Cups In Water With No Sug...,4x107 mL,"$4.49
 ea.",,$1.05 /100ml,,,,https://www.metro.ca/en/online-grocery/search-page-41
ORVILLE REDENBACHER,"Buttery Flavoured Popping Corn, Gourmet",492 g,"$5.49
 ea.",,$1.12 /100g,"Regular price
$6.99  ea.","Valid until Jan 24, 2024",,https://www.metro.ca/en/online-grocery/search-page-41
PRIMO,Rotini,900 g,"$2.99
 ea.",,$0.33 /100g,"Regular price
$3.79  ea.","Valid until Jan 24, 2024",https://product-images.metro.ca/images/h67/hcd/9518917058590.jpg,https://www.metro.ca/en/online-grocery/search-page-41
NOREL,Classic Smoothy Cretons,300 g,"$6.99
 ea.",,$2.33 /100g,,,https://product-images.metro.ca/images/h19/hf1/10250172399646.jpg,https://www.metro.ca/en/online-grocery/search-page-41
HÄAGEN-DAZS,"Milk Chocolate Coated Mini Vanilla Ice Cream Bars, M...",4x55 mL,"$4.99
 ea.",,$2.27 /100ml,"Regular price
$6.69  ea.","Valid until Jan 24, 2024",,https://www.metro.ca/en/online-grocery/search-page-41
OIKOS,2% Plain Greek Yogurts,4x100 g,"3 / 
$9.99",,or $4.99 ea. $0.83 /100g,,"Valid until Feb 14, 2024",https://product-images.metro.ca/images/hba/hd0/11614465196062.jpg,https://www.metro.ca/en/online-grocery/search-page-42
VACHON,"Three Fruits Flaky Pastries, Passion Flakie",6 un - 305 g,"3 / 
$10.97",,or $4.99 ea. $0.61 /un.,"Regular price
$5.29  ea.","Valid until Jan 10, 2024",,https://www.metro.ca/en/online-grocery/search-page-42
GLAD,"Plastic Wrap, Cling Wrap",90 m,"$6.49
 ea.",,$6.49 /un.,,,,https://www.metro.ca/en/online-grocery/search-page-42
SELECTION,10" Whole Wheat Tortillas,6 un,"$4.99
 ea.",,$1.11 /100g,,,,https://www.metro.ca/en/online-grocery/search-page-42
SELECTION,Tomato Juice,1.36 L,"$3.49
 ea.",,$0.26 /100ml,,,https://product-images.metro.ca/images/h4a/h2a/9098448928798.jpg,https://www.metro.ca/en/online-grocery/search-page-42
IRRESISTIBLES,"Frozen Shell-On, Deveined Raw Black Tiger Shrimps","340 g, size 31-40","$12.99
 ea.",,$3.82 /100g,"Regular price
$14.99  ea.","Valid until Jan 17, 2024",https://product-images.metro.ca/images/h32/h02/8950052388894.jpg,https://www.metro.ca/en/online-grocery/search-page-42
LA FERNANDIÈRE,Hot Italian Sausages,375 g,"$6.29
 ea.",,$1.68 /100g,,,https://product-images.metro.ca/images/h43/hec/11432754446366.jpg,https://www.metro.ca/en/online-grocery/search-page-42
ST-HUBERT,Pastry Shells,150 g,"$7.99
 ea.",,$5.33 /100g,,,https://product-images.metro.ca/images/h41/haf/10072140218398.jpg,https://www.metro.ca/en/online-grocery/search-page-42
QUÉBON,1% Chocolate Milk,473 mL,"$1.79
 ea.",,$0.38 /100ml,"Regular price
$2.49  ea.","Valid until Feb 14, 2024",https://product-images.metro.ca/images/h8b/hc6/11401273212958.jpg,https://www.metro.ca/en/online-grocery/search-page-42
ST-HUBERT,À La King Sauce,398 mL,"$2.69
 ea.",,$0.68 /100ml,,,,https://www.metro.ca/en/online-grocery/search-page-42
HEINZ,Homestyle Chunky Chili Sauce With Sweet Peppers,455 mL,"$5.79
 ea.",,$1.27 /100ml,,,https://product-images.metro.ca/images/hba/h1c/9986914385950.jpg,https://www.metro.ca/en/online-grocery/search-page-42
JIF,Creamy Peanut Butter,1 kg,"$6.99
 ea.",,$0.70 /100g,"Regular price
$7.79  ea.","Valid until Feb 7, 2024",https://product-images.metro.ca/images/hdb/h7e/10518837428254.jpg,https://www.metro.ca/en/online-grocery/search-page-42
LINDT,"Sea Salt Dark Chocolate Bar, Excellence",100 g,"$5.29
 ea.",,$5.29 /100g,,"Valid until Jan 10, 2024",,https://www.metro.ca/en/online-grocery/search-page-42
DARE,"Chocolate Covered Coconut Sticks, Whippet",250 g,"$4.49
 ea.",,$1.80 /100g,,,,https://www.metro.ca/en/online-grocery/search-page-42
ST-HUBERT,Bbq Sauce Mix,57 g,"3 / 
$5.00",,$2.92 /100g,"Regular price
$2.39  ea.","Valid until Jan 10, 2024",https://product-images.metro.ca/images/hef/hf3/11068803055646.jpg,https://www.metro.ca/en/online-grocery/search-page-42
SUNRISE,Medium Firm Tofu,454 g,"$2.99
 ea.",,$0.66 /100g,,,https://product-images.metro.ca/images/h63/h76/11337412116510.jpg,https://www.metro.ca/en/online-grocery/search-page-42
IRRESISTIBLES,Frozen Battered Mozzarella Cheese Sticks With Marina...,375 g,"$7.99
 ea.",,$2.13 /100g,,,,https://www.metro.ca/en/online-grocery/search-page-42
SELECTION,Salted Butter,125 g,"$3.79
 ea.",,$3.03 /100g,,,https://product-images.metro.ca/images/h3f/hd7/8833825439774.jpg,https://www.metro.ca/en/online-grocery/search-page-42
FONTAINE SANTÉ,"Hummus With Greek Olives, Humm!",227 g,"$4.79
 ea.",,$2.11 /100g,"Regular price
$5.29  ea.","Valid until Jan 17, 2024",,https://www.metro.ca/en/online-grocery/search-page-42
MCILHENNY CO.,"Pepper Sauce Original Flavour, Tabasco",57 mL,"$2.99
 ea.",,$5.25 /100ml,"Regular price
$3.79  ea.","Valid until Jan 24, 2024",,https://www.metro.ca/en/online-grocery/search-page-42
VACHON,Original Recipe Yule Log,600 g,"$8.99
 ea.",,$1.50 /100g,"Regular price
$13.99  ea.","Valid until Jan 17, 2024",https://product-images.metro.ca/images/ha0/h2f/11094883500062.jpg,https://www.metro.ca/en/online-grocery/search-page-42
KNORR,"Liquid Chicken Bouillon, Bovril",500 mL,"$7.49
 ea.",,$1.50 /100ml,"Regular price
$8.99  ea.","Valid until Jan 24, 2024",,https://www.metro.ca/en/online-grocery/search-page-42
CHIPS AHOY!,"Mini Chocolate Chip Cookie Packs, Snak Paks",180 g,"$3.99
 ea.",,$2.22 /100g,,,,https://www.metro.ca/en/online-grocery/search-page-42
CADBURY,"Chocolate Bar, Crunchie",44 g,"$1.69
 ea.",,$3.84 /100g,,,,https://www.metro.ca/en/online-grocery/search-page-42
MAPLE LEAF,"Shaved Oven Roasted Turkey Breast Value Pack, Natura...",375 g,"$14.99
 ea.",,$4.00 /100g,"Regular price
$15.49  ea.","Valid until Jan 17, 2024",,https://www.metro.ca/en/online-grocery/search-page-42
KRAFT,"Frozen Whipped Topping, Cool Whip",1 L,"$6.49
 ea.",,$0.65 /100ml,,,,https://www.metro.ca/en/online-grocery/search-page-42
SELECTION,BBQ Sauce,398 mL,"$2.19
 ea.",,$0.55 /100ml,,,https://product-images.metro.ca/images/h46/hbc/11198072487966.jpg,https://www.metro.ca/en/online-grocery/search-page-42
IRRESISTIBLES,Cranberry Cocktail,1.89 L,"$4.49
 ea.",,$0.24 /100ml,"Regular price
$4.99  ea.","Valid until Jan 24, 2024",https://product-images.metro.ca/images/hc9/h5f/11022091485214.jpg,https://www.metro.ca/en/online-grocery/search-page-42
KELLOGG'S,"Cereal, Froot Loops",345 g,"$4.49
 ea.",,$1.30 /100g,"Regular price
$6.79  ea.","Valid until Feb 7, 2024",,https://www.metro.ca/en/online-grocery/search-page-42
DR. OETKER,"Frozen Three Meat Thin Crust Pizza, Casa Di Mama",395 g,"$6.99
 ea.",,$1.77 /100g,"Regular price
$7.49  ea.","Valid until Feb 14, 2024",,https://www.metro.ca/en/online-grocery/search-page-42
METROGO!,Chicken Fried Rice,,"$5.85
 avg. ea.",(280 g avg.),$20.90 /kg$9.48 /lb.,,,https://product-images.metro.ca/images/h25/h1c/11926675587102.jpg,https://www.metro.ca/en/online-grocery/search-page-43
AURORA,Italian Style Bread Crumbs,680 g,"$4.29
 ea.",,$0.63 /100g,"Regular price
$4.99  ea.","Valid until Jan 24, 2024",https://product-images.metro.ca/images/h41/h4c/11386248724510.jpg,https://www.metro.ca/en/online-grocery/search-page-43
SELECTION,Sweetened Condensed Milk,300 mL,"$3.49
 ea.",,$1.16 /100ml,"Regular price
$4.19  ea.","Valid until Feb 7, 2024",https://product-images.metro.ca/images/h8f/hbb/11642912112670.jpg,https://www.metro.ca/en/online-grocery/search-page-43
BONNE MAMAN,Strawberry Jam,250 mL,"$7.49
 ea.",,$3.00 /100ml,,,https://product-images.metro.ca/images/hf9/h08/9529948471326.jpg,https://www.metro.ca/en/online-grocery/search-page-43
SELECTION,Vegetable Oil,946 mL,"$6.29
 ea.",,$0.66 /100ml,,,https://product-images.metro.ca/images/h34/h99/10212077010974.jpg,https://www.metro.ca/en/online-grocery/search-page-43
PREMIÈRE MOISSON,Old-Fashioned Belgian Loaf,500 g,"2 / 
$10.00",,or $5.79 ea. $1.00 /100g,,"Valid until Jan 17, 2024",https://product-images.metro.ca/images/hb6/hb9/11541029519390.jpg,https://www.metro.ca/en/online-grocery/search-page-43
LIBERTÉ,0% Plain Lactose Free Yogurt,750 g,"$5.97
 ea.",,$0.80 /100g,"Regular price
$8.29  ea.","Valid until Jan 10, 2024",https://product-images.metro.ca/images/h16/h4c/9903916613662.jpg,https://www.metro.ca/en/online-grocery/search-page-43
SAN PELLEGRINO,Carbonated Natural Mineral Water,750 mL,"$3.29
 ea.",,$0.44 /100ml,,,https://product-images.metro.ca/images/h67/h92/12174857928734.jpg,https://www.metro.ca/en/online-grocery/search-page-43
SELECTION,Lasagna Pasta,500 g,"$2.49
 ea.",,$0.50 /100g,"Regular price
$3.29  ea.","Valid until Jan 10, 2024",https://product-images.metro.ca/images/h84/hee/11521131315230.jpg,https://www.metro.ca/en/online-grocery/search-page-43
HONEY MAID,Whole Grain Wafers,400 g,"$5.99
 ea.",,$1.50 /100g,,,https://product-images.metro.ca/images/h68/h08/9526802153502.jpg,https://www.metro.ca/en/online-grocery/search-page-43
SELECTION,Frozen Vegetables For Soup,750 g,"$3.49
 ea.",,$0.47 /100g,"Regular price
$4.49  ea.","Valid until Jan 10, 2024",https://product-images.metro.ca/images/h98/h3b/9658061619230.jpg,https://www.metro.ca/en/online-grocery/search-page-43
STACY'S,"Sea Salt Pita Chips, Simply Naked",227 g,"$4.99
 ea.",,$2.20 /100g,,,,https://www.metro.ca/en/online-grocery/search-page-43
DRUMSTICK,Chocolate Dipped Vanilla Caramel Dessert Cones,4x135 mL,"$5.99
 ea.",,$1.11 /100ml,"Regular price
$8.79  ea.","Valid until Jan 24, 2024",https://product-images.metro.ca/images/h62/h7f/10184018067486.jpg,https://www.metro.ca/en/online-grocery/search-page-43
LIPTON,Chicken Noodle Soup Mix,2 un,"$2.69
 ea.",,$1.35 /un.,,,https://product-images.metro.ca/images/hf3/hcc/11857607622686.jpg,https://www.metro.ca/en/online-grocery/search-page-43
CEDAR,Fresh Dates,550 g,"$5.99
 ea.",,$1.09 /100g,,,https://product-images.metro.ca/images/h97/h34/11511534190622.jpg,https://www.metro.ca/en/online-grocery/search-page-43
KRAFT,Chicken'N Rib Bbq Sauce,455 mL,"$3.99
 ea.",,$0.88 /100ml,,,https://product-images.metro.ca/images/h21/h0d/9986938372126.jpg,https://www.metro.ca/en/online-grocery/search-page-43
ARCTIC GARDENS,Frozen Mixed Vegetables,750 g,"$1.99
 ea.",,$0.27 /100g,"Regular price
$5.49  ea.","Valid until Jan 10, 2024",https://product-images.metro.ca/images/h9e/h47/11477798354974.jpg,https://www.metro.ca/en/online-grocery/search-page-43
CEDAR,Black Turtle Beans,540 mL,"$1.99
 ea.",,$0.37 /100ml,"Regular price
$2.79  ea.","Valid until Jan 24, 2024",https://product-images.metro.ca/images/h0b/hf2/9719617683486.jpg,https://www.metro.ca/en/online-grocery/search-page-43
SELECTION,Gouda Cheese,250 g,"$5.29
 ea.",,$2.12 /100g,,,https://product-images.metro.ca/images/ha2/h25/9518513127454.jpg,https://www.metro.ca/en/online-grocery/search-page-43
,Clementine With Stem And Leave,Sold individually,"$0.72
 avg. ea.",(65 g avg.),$11.00 /kg$4.99 /lb.,,,https://product-images.metro.ca/images/hc2/hce/9214567120926.jpg,https://www.metro.ca/en/online-grocery/search-page-43
,Beef Sirloin Tip Roast,,"$28.64
 avg. ea.","(1,000 g avg.)",$28.64 /kg$12.99 /lb.,,,https://product-images.metro.ca/images/h67/h6f/8886449766430.jpg,https://www.metro.ca/en/online-grocery/search-page-43
POM,Everything Sliced Bagels,"6 bagels, 450 g","3 / 
$10.97",,or $4.99 ea. $0.61 /un.,"Regular price
$5.09  ea.","Valid until Jan 10, 2024",https://product-images.metro.ca/images/hc7/he1/11642930036766.jpg,https://www.metro.ca/en/online-grocery/search-page-43
ST-DONAT BAKERY,Creamy Fudge Pie,590 g,"$9.79
 ea.",,$1.66 /100g,,,https://product-images.metro.ca/images/hc2/h6e/9773797900318.jpg,https://www.metro.ca/en/online-grocery/search-page-43
TIM HORTONS,Original Blend Ground Coffee,930 g,"$24.99
 ea.",,$2.69 /100g,,,https://product-images.metro.ca/images/h08/h2c/9522035294238.jpg,https://www.metro.ca/en/online-grocery/search-page-43
BON MATIN,"White Bread With Whole Grains, No Sugar, No Fat Added",600 g,"2 / 
$8.88",,or $5.09 ea. $0.74 /100g,,"Valid until Jan 10, 2024",,https://www.metro.ca/en/online-grocery/search-page-43
ALPINO,Concentrated Tomato Paste,147 mL,"$2.69
 ea.",,$1.83 /100ml,,,https://product-images.metro.ca/images/h37/hc0/9533195976734.jpg,https://www.metro.ca/en/online-grocery/search-page-43
,Inside Round Steak,,"$6.33
 avg. ea.",(250 g avg.),$25.33 /kg$11.49 /lb.,"Regular price
$26.87  avg. kg","Valid until Jan 10, 2024",https://product-images.metro.ca/images/h3f/ha5/8886443966494.jpg,https://www.metro.ca/en/online-grocery/search-page-43
TOSTITOS,Hint Of Jalapeño Flavoured Tortilla Chips,275 g,"2 / 
$8.50",,or $4.99 ea. $1.55 /100g,,"Valid until Jan 24, 2024",https://product-images.metro.ca/images/h2e/h47/10529610727454.jpg,https://www.metro.ca/en/online-grocery/search-page-43
SELECTION,Low-Fat Cream Of Mushroom Condensed Soup,284 mL,"2 / 
$2.22",,$0.39 /100ml,"Regular price
$2.29  ea.","Valid until Jan 24, 2024",https://product-images.metro.ca/images/h8e/h66/10134479699998.jpg,https://www.metro.ca/en/online-grocery/search-page-43
SELECTION,Six Bean Mix,540 mL,"$2.49
 ea.",,$0.46 /100ml,,,https://product-images.metro.ca/images/hd0/h7b/11188452425758.jpg,https://www.metro.ca/en/online-grocery/search-page-43
PURE LIFE,Sparkling Water,1 L,"$0.99
 ea.",,$0.10 /100ml,,,https://product-images.metro.ca/images/h6b/h8a/11432648638494.jpg,https://www.metro.ca/en/online-grocery/search-page-44
HELLMANN'S,Olive Oil Mayonnaise,750 mL,"$6.99
 ea.",,$0.93 /100ml,"Regular price
$8.49  ea.","Valid until Jan 24, 2024",https://product-images.metro.ca/images/hfd/ha1/12279399219230.jpg,https://www.metro.ca/en/online-grocery/search-page-44
,Celery Root,,"$4.18
 avg. ea.",(635 g avg.),$6.59 /kg$2.99 /lb.,,,https://product-images.metro.ca/images/h3d/he3/8872796061726.jpg,https://www.metro.ca/en/online-grocery/search-page-44
LACTANTIA,35% Old Fashioned Cream,473 mL,"$4.99
 ea.",,$1.05 /100ml,"Regular price
$5.89  ea.","Valid until Feb 14, 2024",https://product-images.metro.ca/images/hf5/h1e/11541008154654.jpg,https://www.metro.ca/en/online-grocery/search-page-44
SELECTION,Garlic Tomato Paste,156 mL,"$1.00
 ea.",,$0.64 /100ml,"Regular price
$1.19  ea.","Valid until Jan 24, 2024",https://product-images.metro.ca/images/hde/hee/9518903722014.jpg,https://www.metro.ca/en/online-grocery/search-page-44
PURE LIFE,Natural Spring Water,12x500 mL,"$4.19
 ea.",,$0.07 /100ml,,,https://product-images.metro.ca/images/h73/h27/10841449431070.jpg,https://www.metro.ca/en/online-grocery/search-page-44
,Bruce Avocado,Sold individually,"$3.99
 ea.",,$3.99 /un.,,,https://product-images.metro.ca/images/heb/hbf/9501177118750.jpg,https://www.metro.ca/en/online-grocery/search-page-44
QUAKER,"Plain Brown Rice Cakes, Crispy Minis",127 g,"$3.99
 ea.",,$3.14 /100g,,,,https://www.metro.ca/en/online-grocery/search-page-44
KELLOGG'S,"Chocolatey Chip Waffles, Eggo",280 g,"$3.99
 ea.",,$1.42 /100g,"Regular price
$4.79  ea.","Valid until Feb 14, 2024",,https://www.metro.ca/en/online-grocery/search-page-44
SEALTEST,4% Cottage Cheese,500 g,"$3.99
 ea.",,$0.80 /100g,"Regular price
$4.99  ea.","Valid until Jan 10, 2024",https://product-images.metro.ca/images/h4d/h7d/11401265905694.jpg,https://www.metro.ca/en/online-grocery/search-page-44
SELECTION,"Coleslaw, Creamy",454 g,"$2.99
 ea.",,$0.66 /100g,"Regular price
$3.49  ea.","Valid until Jan 10, 2024",,https://www.metro.ca/en/online-grocery/search-page-44
IRRESISTIBLES,0% Mixed Fruit Flavoured Yogurts,16x100 g,"$8.09
 ea.",,$0.51 /100g,,,https://product-images.metro.ca/images/ha1/hd6/9519063826462.jpg,https://www.metro.ca/en/online-grocery/search-page-44
IRRESISTIBLES,Avalanche Of Cookies N' Cream Ice Cream,1.5 L,"$5.49
 ea.",,$0.37 /100ml,"Regular price
$7.29  ea.","Valid until Jan 10, 2024",https://product-images.metro.ca/images/h37/h10/11521031372830.jpg,https://www.metro.ca/en/online-grocery/search-page-44
LECLERC,"Finger Cookies In A Milk Chocolate Coating, Célébration",240 g,"$4.49
 ea.",,$1.87 /100g,,,,https://www.metro.ca/en/online-grocery/search-page-44
CAMPBELL'S,Condensed Chicken Gumbo Soup,284 mL,"$2.29
 ea.",,$0.81 /100ml,"Regular price
$2.99  ea.","Valid until Jan 24, 2024",https://product-images.metro.ca/images/h9d/h30/10239146655774.jpg,https://www.metro.ca/en/online-grocery/search-page-44
DAINTY,Chicken Flavoured Cooked Rice,350 g,"$2.99
 ea.",,$0.85 /100g,,,https://product-images.metro.ca/images/hc6/hab/10715250950174.jpg,https://www.metro.ca/en/online-grocery/search-page-44
SAPUTO,Cocktail Bocconcini Cheese,200 g,"$7.99
 ea.",,$4.00 /100g,,,https://product-images.metro.ca/images/h86/hf9/11307056332830.jpg,https://www.metro.ca/en/online-grocery/search-page-44
ST-HUBERT,25% Less Salt Brown Gravy,398 mL,"$2.69
 ea.",,$0.68 /100ml,,,https://product-images.metro.ca/images/h34/ha6/10239141806110.jpg,https://www.metro.ca/en/online-grocery/search-page-44
IRRESISTIBLES,"Double Cream Brie Cheese, Artisan",200 g,"$7.99
 ea.",,$4.00 /100g,"Regular price
$8.49  ea.","Valid until Jan 17, 2024",,https://www.metro.ca/en/online-grocery/search-page-44
BETTY CROCKER,"Fruit Flavoured Rolls Snacks Variety Pack, Fruit-By-...",128 g,"2 / 
$6.00",,or $3.99 ea. $2.34 /100g,,"Valid until Feb 7, 2024",,https://www.metro.ca/en/online-grocery/search-page-44
CATELLI,"Penne Rigate, Classic",500 g,"$2.99
 ea.",,$0.60 /100g,,,,https://www.metro.ca/en/online-grocery/search-page-44
SNACK FACTORY,"Original Deli Style Crackers, Pretzel Crisps",200 g,"$6.99
 ea.",,$3.50 /100g,,,,https://www.metro.ca/en/online-grocery/search-page-44
SELECTION,Ground Black Pepper,105 g,"$4.99
 ea.",,$4.75 /100g,,,https://product-images.metro.ca/images/h53/hf8/9096944451614.jpg,https://www.metro.ca/en/online-grocery/search-page-44
IRRESISTIBLES,"Frozen Quattro Formaggi Thin Crust Pizza, Gusto Ital...",340 g,"$5.49
 ea.",,$1.61 /100g,,,,https://www.metro.ca/en/online-grocery/search-page-44
GENERAL MILLS,"Cinnamon Flavoured Cereal, Cinnamon Toast Crunch",354 g,"2 / 
$8.00",,or $5.99 ea. $1.13 /100g,,"Valid until Feb 7, 2024",,https://www.metro.ca/en/online-grocery/search-page-44
ST-HUBERT,Pepper Gravy,398 mL,"$2.69
 ea.",,$0.68 /100ml,,,https://product-images.metro.ca/images/h5c/hf5/10239138693150.jpg,https://www.metro.ca/en/online-grocery/search-page-44
LACTANTIA,"0% Skim Milk, PurFiltre",1 L,"$2.99
 ea.",,$0.30 /100ml,"Regular price
$3.69  ea.","Valid until Feb 14, 2024",,https://www.metro.ca/en/online-grocery/search-page-44
BARIL,Parisian Potatoes,500 g,"$5.99
 ea.",,$1.20 /100g,,,https://product-images.metro.ca/images/h01/had/11477869723678.jpg,https://www.metro.ca/en/online-grocery/search-page-44
LA FERNANDIÈRE,Bacon And Cheddar Sausages,375 g,"$6.29
 ea.",,$1.68 /100g,,,https://product-images.metro.ca/images/ha4/hd2/11432667250718.jpg,https://www.metro.ca/en/online-grocery/search-page-44
METROGO!,"Assorted Stuffed Buns, Value Pack",600 g,"$11.99
 ea.",,$2.00 /100g,,,,https://www.metro.ca/en/online-grocery/search-page-44
CAMPBELL'S,Cream Of Mushroom Condensed Soup With 40% Less Sodium,284 mL,"$2.29
 ea.",,$0.81 /100ml,"Regular price
$2.99  ea.","Valid until Jan 24, 2024",https://product-images.metro.ca/images/h77/h86/11849333014558.jpg,https://www.metro.ca/en/online-grocery/search-page-45
,Radicchio,,"$4.10
 avg. ea.",(310 g avg.),$13.21 /kg$5.99 /lb.,,,https://product-images.metro.ca/images/he5/h3a/8884953939998.jpg,https://www.metro.ca/en/online-grocery/search-page-45
SELECTION,Lemon Juice Concentrate,946 mL,"$3.19
 ea.",,$0.34 /100ml,,,https://product-images.metro.ca/images/h9a/hd2/9098511745054.jpg,https://www.metro.ca/en/online-grocery/search-page-45
ST-HUBERT,Hot Chicken Sandwich Homestyle Gravy Mix,57 g,"3 / 
$5.00",,$2.92 /100g,"Regular price
$2.39  ea.","Valid until Jan 10, 2024",https://product-images.metro.ca/images/h7b/h90/9836301680670.jpg,https://www.metro.ca/en/online-grocery/search-page-45
,"Striploin Steaks, Brown & Serve",2 steaks per tray,"$14.54
 avg. ea.",(300 g avg.),$48.48 /kg$21.99 /lb.,,,https://product-images.metro.ca/images/hbb/haf/8886644080670.jpg,https://www.metro.ca/en/online-grocery/search-page-45
MINUTE MAID,Apple Juice,8x200 mL,"$4.79
 ea.",,$0.30 /100ml,,,https://product-images.metro.ca/images/h94/h64/10529588805662.jpg,https://www.metro.ca/en/online-grocery/search-page-45
BELSOY,Organic Creamy Soya Preparation For Cooking,250 mL,"$3.29
 ea.",,$1.32 /100ml,,,https://product-images.metro.ca/images/hdc/he4/9018840055838.jpg,https://www.metro.ca/en/online-grocery/search-page-45
SELECTION,Salted Tops Soda Crackers,4x113.5 g,"$3.29
 ea.",,$0.72 /100g,"Regular price
$3.99  ea.","Valid until Jan 24, 2024",https://product-images.metro.ca/images/hdd/ha7/11521076035614.jpg,https://www.metro.ca/en/online-grocery/search-page-45
REAL DAIRY,Crème Brûlée Flavoured Ice Cream,1.5 L,"$5.99
 ea.",,$0.40 /100ml,"Regular price
$7.99  ea.","Valid until Jan 24, 2024",https://product-images.metro.ca/images/hf4/h12/11477798453278.jpg,https://www.metro.ca/en/online-grocery/search-page-45
LECLERC,"Social Tea Cookies, Tradition",325 g,"$4.99
 ea.",,$1.54 /100g,,,,https://www.metro.ca/en/online-grocery/search-page-45
DR. OETKER,"Frozen Chicken Thin Crust Pizza, Ristorante",355 g,"$6.99
 ea.",,$1.97 /100g,"Regular price
$7.49  ea.","Valid until Feb 14, 2024",,https://www.metro.ca/en/online-grocery/search-page-45
OIKOS,2% Plain Greek Yogurt,750 g,"$7.99
 ea.",,$1.07 /100g,,,https://product-images.metro.ca/images/h56/h15/11590715965470.jpg,https://www.metro.ca/en/online-grocery/search-page-45
OCEAN SPRAY,Cranberry Cocktail,1.89 L,"$5.49
 ea.",,$0.29 /100ml,,,https://product-images.metro.ca/images/hc4/hb4/9894693273630.jpg,https://www.metro.ca/en/online-grocery/search-page-45
ST-HUBERT,Chicken Pot Pie,235 g,"$5.29
 ea.",,$2.25 /100g,,,https://product-images.metro.ca/images/ha5/h5d/10009403621406.jpg,https://www.metro.ca/en/online-grocery/search-page-45
PREMIÈRE MOISSON,"Raisins, Hazelnut And Honey Sourdough Loaf",500 g,"$6.99
 ea.",,$1.40 /100g,,,https://product-images.metro.ca/images/h9a/h2b/10342845087774.jpg,https://www.metro.ca/en/online-grocery/search-page-45
ROMA,Mild Italian Sausages,450 g,"$7.99
 ea.",,$1.78 /100g,,,https://product-images.metro.ca/images/hf5/h3e/11432666890270.jpg,https://www.metro.ca/en/online-grocery/search-page-45
CLASSICO,"Vodka Pasta Sauce, Di Milano",650 mL,"$5.49
 ea.",,$0.84 /100ml,,,,https://www.metro.ca/en/online-grocery/search-page-45
SELECTION,Sliced Black Olives,398 mL,"$3.19
 ea.",,$0.80 /100ml,,,https://product-images.metro.ca/images/hf9/h8f/9693826973726.jpg,https://www.metro.ca/en/online-grocery/search-page-45
,Oatmeal And Chocolate Chip Cookies,6 cookies x 76 g,"$5.99
 ea.",,$1.31 /100g,"Regular price
$6.99  ea.","Valid until Jan 10, 2024",https://product-images.metro.ca/images/h65/h73/8936155611166.jpg,https://www.metro.ca/en/online-grocery/search-page-45
MAPLE LEAF,Reduced Salt Bacon,375 g,"$8.99
 ea.",,$2.40 /100g,,,https://product-images.metro.ca/images/h56/h83/10413173440542.jpg,https://www.metro.ca/en/online-grocery/search-page-45
QUAKER,"Butter Popcorn Flavoured Brown Rice Cakes, Crispy Minis",127 g,"$3.99
 ea.",,$3.14 /100g,,,,https://www.metro.ca/en/online-grocery/search-page-45
MAXWELL HOUSE,Original Roast Instant Coffee,150 g,"$5.99
 ea.",,$3.99 /100g,,,https://product-images.metro.ca/images/h43/hf5/10946131034142.jpg,https://www.metro.ca/en/online-grocery/search-page-45
LECLERC,"Petit Beurre Cookies In Individual Pouches, Tradition",300 g,"$4.99
 ea.",,$1.66 /100g,,,,https://www.metro.ca/en/online-grocery/search-page-45
,Bok Choy,,"$3.29
 avg. ea.",(600 g avg.),$5.49 /kg$2.49 /lb.,,,https://product-images.metro.ca/images/h7e/h6b/8835303079966.jpg,https://www.metro.ca/en/online-grocery/search-page-45
SELECTION,Prepared Yellow Mustard,550 mL,"$2.29
 ea.",,$0.42 /100ml,,,https://product-images.metro.ca/images/h92/h35/9103693250590.jpg,https://www.metro.ca/en/online-grocery/search-page-45
COORS LIGHT,Light Lager Beer,24x355 mL - cans,"$36.99
 ea.",,$0.43 /100ml,,,https://product-images.metro.ca/images/h9e/h3b/10813107863582.jpg,https://www.metro.ca/en/online-grocery/search-page-45
BICK'S,"Sliced Dill Pickles, Sandwich Savers",500 mL,"$5.99
 ea.",,$1.20 /100ml,,,,https://www.metro.ca/en/online-grocery/search-page-45
LINDT,"Caramel And Sea Salt Dark Chocolate Bar, Excellence",100 g,"$5.29
 ea.",,$5.29 /100g,,"Valid until Jan 10, 2024",,https://www.metro.ca/en/online-grocery/search-page-45
FONTAINE SANTÉ,Spinach Dip,250 g,"$4.99
 ea.",,$2.00 /100g,"Regular price
$5.79  ea.","Valid until Jan 17, 2024",https://product-images.metro.ca/images/ha9/hc7/11168818855966.jpg,https://www.metro.ca/en/online-grocery/search-page-45
KRAFT,"Dressing Sauce, Miracle Whip",475 mL,"$5.99
 ea.",,$1.26 /100ml,,,,https://www.metro.ca/en/online-grocery/search-page-45
CLASSICO,"Italian Sausage, Pepper And Onion Pasta Sauce, Di Ba...",650 mL,"$5.49
 ea.",,$0.84 /100ml,,,,https://www.metro.ca/en/online-grocery/search-page-46
LECLERC,"Butter Cookies Topped With 45% Cocoa Dark Chocolate,...",240 g,"$4.49
 ea.",,$1.87 /100g,,,,https://www.metro.ca/en/online-grocery/search-page-46
RIVIERA,2.8% Strawberry Flavoured Probiotic Set-Style Yogurt...,4x120 g,"$6.29
 ea.",,$1.31 /100g,,,,https://www.metro.ca/en/online-grocery/search-page-46
CAVENDISH FARMS,"Frozen Thick Cut Skin-On Fries With Sea Salt, Restau...",750 g,"$4.99
 ea.",,$0.67 /100g,,,,https://www.metro.ca/en/online-grocery/search-page-46
EARTH'S OWN,"Original Flavour Fortified Almond Beverage, So Fresh",1.89 L,"$4.79
 ea.",,$0.25 /100ml,,,,https://www.metro.ca/en/online-grocery/search-page-46
BELSOY,Dark Chocolate Soy Dessert,4x125 g,"$3.77
 ea.",,$0.75 /100g,"Regular price
$5.19  ea.","Valid until Jan 10, 2024",https://product-images.metro.ca/images/hb2/h42/12320452476958.jpg,https://www.metro.ca/en/online-grocery/search-page-46
PLAISIRS GASTRONOMIQUES,Bruschetta,340 g,"$6.99
 ea.",,$2.06 /100g,,,https://product-images.metro.ca/images/hcd/hfd/9529758285854.jpg,https://www.metro.ca/en/online-grocery/search-page-46
PRIMO,Fusilli,900 g,"$2.99
 ea.",,$0.33 /100g,"Regular price
$3.79  ea.","Valid until Jan 24, 2024",https://product-images.metro.ca/images/h23/he3/9518996258846.jpg,https://www.metro.ca/en/online-grocery/search-page-46
SELECTION,White Vinegar,2.5 L,"$3.49
 ea.",,$0.14 /100ml,,,https://product-images.metro.ca/images/he8/h78/11205006884894.jpg,https://www.metro.ca/en/online-grocery/search-page-46
LA FERNANDIÈRE,Merguez Sausages,375 g,"$6.29
 ea.",,$1.68 /100g,,,https://product-images.metro.ca/images/hed/he7/11432663515166.jpg,https://www.metro.ca/en/online-grocery/search-page-46
OLD EL PASO,"Taco Seasoning Mix, Smart Fiesta",24 g,"2 / 
$3.00",,$6.25 /100g,"Regular price
$2.49  ea.","Valid until Jan 24, 2024",,https://www.metro.ca/en/online-grocery/search-page-46
BUDWEISER,Blonde Lager Beer,24x341 mL - bottles,"$36.99
 ea.",,$0.45 /100ml,,,https://product-images.metro.ca/images/hb8/hd7/10123694800926.jpg,https://www.metro.ca/en/online-grocery/search-page-46
LACTANTIA,1% Lactose Free Milk,2 L,"$5.79
 ea.",,$0.29 /100ml,"Regular price
$6.49  ea.","Valid until Jan 10, 2024",https://product-images.metro.ca/images/hc0/he4/11354251886622.jpg,https://www.metro.ca/en/online-grocery/search-page-46
MCCAIN,"Frozen Crinkle Cut Sweet Potato Fries, Superfries",454 g,"$5.49
 ea.",,$1.21 /100g,"Regular price
$6.79  ea.","Valid until Feb 14, 2024",,https://www.metro.ca/en/online-grocery/search-page-46
HEINZ,Tomato Ketchup,1.5 L,"$8.49
 ea.",,$0.57 /100ml,"Regular price
$8.99  ea.","Valid until Jan 24, 2024",https://product-images.metro.ca/images/h0d/ha1/11521145634846.jpg,https://www.metro.ca/en/online-grocery/search-page-46
PLANTERS,Salted Almonds,200 g,"$4.99
 ea.",,$2.50 /100g,"Regular price
$5.99  ea.","Valid until Jan 24, 2024",https://product-images.metro.ca/images/hab/ha9/11892979335198.jpg,https://www.metro.ca/en/online-grocery/search-page-46
IRRESISTIBLES,Fresh Sage,21 g,"$2.99
 ea.",,$2.99 /un.,,,https://product-images.metro.ca/images/hb2/h23/8959525290014.jpg,https://www.metro.ca/en/online-grocery/search-page-46
KELLOGG'S,"Strawberry Cereal Bars, Nutri-Grain",8x295 g,"$2.99
 ea.",,$1.01 /100g,"Regular price
$4.49  ea.","Valid until Jan 10, 2024",,https://www.metro.ca/en/online-grocery/search-page-46
POM,"7"" Whole Wheat Tortillas, Medium Size",10 un,"2 / 
$8.00",,or $4.99 ea. $1.18 /100g,,"Valid until Feb 7, 2024",,https://www.metro.ca/en/online-grocery/search-page-46
KRAFT,Creamy Caesar Dressing,475 mL,"$4.49
 ea.",,$0.95 /100ml,,,https://product-images.metro.ca/images/h67/h73/9986894561310.jpg,https://www.metro.ca/en/online-grocery/search-page-46
YOPLAIT,"0% Berries And Peach Flavoured Yogurt Variety Pack, ...",16x100 g,"$6.99
 ea.",,$0.44 /100g,"Regular price
$8.79  ea.","Valid until Feb 14, 2024",,https://www.metro.ca/en/online-grocery/search-page-46
SELECTION,Vermicelli Rice Noodles,400 g,"$3.49
 ea.",,$0.87 /100g,"Regular price
$4.29  ea.","Valid until Jan 24, 2024",https://product-images.metro.ca/images/h02/hed/9703039303710.jpg,https://www.metro.ca/en/online-grocery/search-page-46
SELECTION,Extra Virgin Olive Oil,1 L,"$12.99
 ea.",,$1.30 /100ml,"Regular price
$14.49  ea.","Valid until Feb 7, 2024",https://product-images.metro.ca/images/hb3/hd1/10250216767518.jpg,https://www.metro.ca/en/online-grocery/search-page-46
LIBERTÉ,"2% Lemon Yogurt, Greek",4x100 g,"$4.99
 ea.",,$1.25 /100g,,,,https://www.metro.ca/en/online-grocery/search-page-46
MOTT'S,"Original Apple Sauce, Fruitsations",6x113 g,"$3.49
 ea.",,$0.56 /100g,,,,https://www.metro.ca/en/online-grocery/search-page-46
ASTRO,"2% Plain Balkan Style Yogurt, Original",750 g,"$4.69
 ea.",,$0.63 /100g,,,,https://www.metro.ca/en/online-grocery/search-page-46
SAPUTO,Mozzarellissima™ Pizza Mozzarella,500 g,"$10.29
 ea.",,$2.06 /100g,,,https://product-images.metro.ca/images/h0b/h62/11574068281374.jpg,https://www.metro.ca/en/online-grocery/search-page-46
IRRESISTIBLES,Cranberry & Pumpkin Seed Crisps,150 g,"3 / 
$11.97",,or $4.99 ea. $2.66 /100g,"Regular price
$5.99  ea.","Valid until Jan 24, 2024",https://product-images.metro.ca/images/h13/h9f/9693806067742.jpg,https://www.metro.ca/en/online-grocery/search-page-46
ROMA,Pepperoni Slices,250 g,"$5.29
 ea.",,$2.12 /100g,,,https://product-images.metro.ca/images/h5a/h52/10938814529566.jpg,https://www.metro.ca/en/online-grocery/search-page-46
KELLOGG'S,"Buds Cereal, All-Bran",500 g,"$8.29
 ea.",,$1.66 /100g,,,,https://www.metro.ca/en/online-grocery/search-page-46
POST,"Whole Grain Wheat Cereal With Bran, Shredded Wheat",525 g,"$5.79
 ea.",,$1.10 /100g,,,,https://www.metro.ca/en/online-grocery/search-page-47
WONG WING,Frozen Won Ton Soup,426 mL,"3 / 
$10.00",,$0.78 /100ml,"Regular price
$4.99  ea.","Valid until Jan 10, 2024",https://product-images.metro.ca/images/h6b/h31/11374758920222.jpg,https://www.metro.ca/en/online-grocery/search-page-47
IRRESISTIBLES,Frozen Key Lime Pie,830 g,"$12.99
 ea.",,$1.57 /100g,"Regular price
$14.49  ea.","Valid until Jan 10, 2024",https://product-images.metro.ca/images/h61/h98/9557819785246.jpg,https://www.metro.ca/en/online-grocery/search-page-47
ALLEN'S,Pure White Vinegar,1 L,"$1.99
 ea.",,$0.20 /100ml,"Regular price
$2.49  ea.","Valid until Feb 7, 2024",https://product-images.metro.ca/images/h46/h20/9679386050590.jpg,https://www.metro.ca/en/online-grocery/search-page-47
ACTIVIA,2.9% Lemon Flavoured Probiotic Yogurt,650 g,"2 / 
$7.50",,or $5.49 ea. $0.58 /100g,,"Valid until Feb 14, 2024",https://product-images.metro.ca/images/h47/h26/11735044325406.jpg,https://www.metro.ca/en/online-grocery/search-page-47
SELECTION,Whole White Potatoes,540 mL,"$1.99
 ea.",,$0.37 /100ml,"Regular price
$2.39  ea.","Valid until Jan 24, 2024",https://product-images.metro.ca/images/hc7/h49/8846384627742.jpg,https://www.metro.ca/en/online-grocery/search-page-47
RIO MARE,Solid Light Tuna In Olive Oil,3x80 g,"$8.99
 ea.",,$3.75 /100g,,,https://product-images.metro.ca/images/h76/h13/10486552166430.jpg,https://www.metro.ca/en/online-grocery/search-page-47
METROGO!,Cooked Ham Baguette,,"$6.99
 ea.",,$2.25 /100g,,,https://product-images.metro.ca/images/h2c/had/11926653403166.jpg,https://www.metro.ca/en/online-grocery/search-page-47
,Minced Snow Crab Meat And Pollock Mix,,"$5.73
 / 200 g",,$28.64 /kg$12.99 /lb.,,,https://product-images.metro.ca/images/hfa/h69/9213352607774.jpg,https://www.metro.ca/en/online-grocery/search-page-47
ST-DONAT BAKERY,Old-Fashioned Sugar Pie,600 g,"$10.99
 ea.",,$1.83 /100g,,,https://product-images.metro.ca/images/hb4/h42/12174902591518.jpg,https://www.metro.ca/en/online-grocery/search-page-47
SEALTEST,5% Low Fat Sour Cream,500 mL,"$3.99
 ea.",,$0.80 /100ml,"Regular price
$4.49  ea.","Valid until Jan 10, 2024",https://product-images.metro.ca/images/h9d/h08/11477822701598.jpg,https://www.metro.ca/en/online-grocery/search-page-47
KNORR,Alfredo Sauce Mix,1 un,"$2.49
 ea.",,$2.49 /un.,,,https://product-images.metro.ca/images/h1e/hbc/11857611391006.jpg,https://www.metro.ca/en/online-grocery/search-page-47
SELECTION,Black Beans,540 mL,"$2.49
 ea.",,$0.46 /100ml,,,https://product-images.metro.ca/images/h5d/h90/9518947336222.jpg,https://www.metro.ca/en/online-grocery/search-page-47
LACTANTIA,15% Old Fashioned Cream,473 mL,"$4.49
 ea.",,$0.95 /100ml,,,https://product-images.metro.ca/images/h6a/h4b/11307060232222.jpg,https://www.metro.ca/en/online-grocery/search-page-47
NATREL,"Skim Milk, Fine-Filtered",1 L,"$2.99
 ea.",,$0.30 /100ml,"Regular price
$3.69  ea.","Valid until Feb 14, 2024",,https://www.metro.ca/en/online-grocery/search-page-47
SELECTION,Fully Cooked Smoked Bacon,65 g,"$6.79
 ea.",,$10.45 /100g,"Regular price
$6.99  ea.","Valid until Jan 17, 2024",https://product-images.metro.ca/images/hf6/h04/11198032740382.jpg,https://www.metro.ca/en/online-grocery/search-page-47
IRRESISTIBLES,"Double Cream Brie Cheese, Artisan",450 g,"$18.29
 ea.",,$4.06 /100g,,,,https://www.metro.ca/en/online-grocery/search-page-47
IRRESISTIBLES,"Frozen Spicy Salami Thin Crust Pizza, Gusto Italiano",365 g,"$5.49
 ea.",,$1.50 /100g,,,,https://www.metro.ca/en/online-grocery/search-page-47
POM,Cinnamon And Raisin Sliced Bagels,"6 bagels, 450 g","3 / 
$10.97",,or $4.99 ea. $0.61 /un.,"Regular price
$5.09  ea.","Valid until Jan 10, 2024",https://product-images.metro.ca/images/hd5/h0e/11642924761118.jpg,https://www.metro.ca/en/online-grocery/search-page-47
VH,"Honey Garlic Cooking Sauce, Chinese",341 mL,"2 / 
$8.00",,$1.17 /100ml,"Regular price
$4.69  ea.","Valid until Jan 24, 2024",,https://www.metro.ca/en/online-grocery/search-page-47
SELECTION,Cinnamon Raisin Bagels,6 un - 510 g,"$4.49
 ea.",,$0.88 /100g,,,https://product-images.metro.ca/images/hc9/h98/9098511450142.jpg,https://www.metro.ca/en/online-grocery/search-page-47
SELECTION,Cream Of Mushroom Condensed Soup,284 mL,"2 / 
$2.22",,$0.39 /100ml,"Regular price
$1.59  ea.","Valid until Jan 24, 2024",https://product-images.metro.ca/images/hfd/h1b/10134477209630.jpg,https://www.metro.ca/en/online-grocery/search-page-47
SELECTION,Chopped Walnuts,100 g,"$2.49
 ea.",,$2.49 /100g,,,https://product-images.metro.ca/images/he9/heb/10715267465246.jpg,https://www.metro.ca/en/online-grocery/search-page-47
CATELLI,"Thick And Smooth Parmesan And Romano Pasta Sauce, Ga...",640 mL,"$2.99
 ea.",,$0.47 /100ml,"Regular price
$3.99  ea.","Valid until Jan 24, 2024",,https://www.metro.ca/en/online-grocery/search-page-47
,Organic Green Kale,1 bunch,"$4.99
 ea.",,$4.99 /un.,,,https://product-images.metro.ca/images/h43/h4c/9335897227294.jpg,https://www.metro.ca/en/online-grocery/search-page-47
IRRESISTIBLES,Bordeaux Cherry Ice Cream,1.5 L,"$5.49
 ea.",,$0.37 /100ml,"Regular price
$7.29  ea.","Valid until Jan 10, 2024",https://product-images.metro.ca/images/hc7/h49/11521033502750.jpg,https://www.metro.ca/en/online-grocery/search-page-47
LA PETITE BRETONNE,Mini Croissants,350 g,"$6.29
 ea.",,$1.80 /100g,,,https://product-images.metro.ca/images/hb9/hc5/10882778202142.jpg,https://www.metro.ca/en/online-grocery/search-page-47
OASIS,"Wildberry Juice, Classic",960 mL,"$2.39
 ea.",,$0.25 /100ml,,,,https://www.metro.ca/en/online-grocery/search-page-47
METROGO!,Smoked Turkey Baguette,,"$6.99
 ea.",,$2.25 /100g,,,https://product-images.metro.ca/images/h47/h3c/11926685024286.jpg,https://www.metro.ca/en/online-grocery/search-page-47
,Cubanelle Pepper,,"$0.83
 avg. ea.",(75 g avg.),$11.00 /kg$4.99 /lb.,,,https://product-images.metro.ca/images/h03/hae/8874523459614.jpg,https://www.metro.ca/en/online-grocery/search-page-47
ASTRO,"6% Cherry Flavoured Balkan Style Yogurt, Original",650 g,"$4.69
 ea.",,$0.72 /100g,,,,https://www.metro.ca/en/online-grocery/search-page-48
KNORR,Hollandaise Sauce Mix,1 un,"$2.49
 ea.",,$2.49 /un.,,,https://product-images.metro.ca/images/h8e/h42/11381615329310.jpg,https://www.metro.ca/en/online-grocery/search-page-48
ADONIS,Whole Wheat Pita Bread,225 g,"3 / 
$5.00",,$0.74 /100g,"Regular price
$2.69  ea.","Valid until Jan 10, 2024",https://product-images.metro.ca/images/hc0/h1c/11541048655902.jpg,https://www.metro.ca/en/online-grocery/search-page-48
NESTLÉ,"Candy Coated Milk Chocolate, Smarties",45 g,"$1.59
 ea.",,$3.53 /100g,,,,https://www.metro.ca/en/online-grocery/search-page-48
KELLOGG'S,"Raspberry Cereal Bars, Nutrigrain",295 g,"$2.99
 ea.",,$1.01 /100g,"Regular price
$4.49  ea.","Valid until Jan 10, 2024",,https://www.metro.ca/en/online-grocery/search-page-48
BERTOLLI,Cooking Olive Oil,1 L,"$19.99
 ea.",,$2.00 /100ml,,,https://product-images.metro.ca/images/h30/h64/11461746622494.jpg,https://www.metro.ca/en/online-grocery/search-page-48
DAINTY,Cooked Chinese Fried Rice,350 g,"$2.99
 ea.",,$0.85 /100g,,,https://product-images.metro.ca/images/h8d/h8e/10715253178398.jpg,https://www.metro.ca/en/online-grocery/search-page-48
MAPLE LODGE FARMS,"Chicken Bacon Style, Original Flavour",375 g,"$6.99
 ea.",,$1.86 /100g,,,,https://www.metro.ca/en/online-grocery/search-page-48
SELECTION,Light Cream Cheese,227 g,"$3.49
 ea.",,$1.54 /100g,"Regular price
$3.99  ea.","Valid until Feb 14, 2024",https://product-images.metro.ca/images/h4b/h4c/10904138547230.jpg,https://www.metro.ca/en/online-grocery/search-page-48
SELECTION,Party Mix Snack,280 g,"$3.99
 ea.",,$1.42 /100g,,,https://product-images.metro.ca/images/h39/h51/8821598093342.jpg,https://www.metro.ca/en/online-grocery/search-page-48
,Previously Frozen Or Fresh Haddock Fillet,,"$8.81
 avg. ea.",(200 g avg.),$44.07 /kg$19.99 /lb.,,,https://product-images.metro.ca/images/h10/h17/9369832063006.jpg,https://www.metro.ca/en/online-grocery/search-page-48
SELECTION,Whole Mushrooms,284 mL,"$1.49
 ea.",,$0.52 /100ml,"Regular price
$1.99  ea.","Valid until Jan 24, 2024",https://product-images.metro.ca/images/h0e/h43/11521144061982.jpg,https://www.metro.ca/en/online-grocery/search-page-48
TOSTITOS,Hint Of Roasted Garlic Flavoured Tortilla Chips,275 g,"2 / 
$8.50",,or $4.99 ea. $1.44 /100g,,"Valid until Jan 24, 2024",https://product-images.metro.ca/images/hcc/h6e/10529583038494.jpg,https://www.metro.ca/en/online-grocery/search-page-48
NATURE VALLEY,"Oats 'N' Honey Crunchy Granola Bars, Protein",10 bars,"2 / 
$6.00",,or $3.99 ea. $1.30 /100g,,"Valid until Feb 7, 2024",,https://www.metro.ca/en/online-grocery/search-page-48
FONTAINE SANTÉ,Couscous Salad,375 g,"$6.49
 ea.",,$1.73 /100g,"Regular price
$6.99  ea.","Valid until Jan 17, 2024",https://product-images.metro.ca/images/hc1/h39/9532855844894.jpg,https://www.metro.ca/en/online-grocery/search-page-48
ADONIS,White Pita Bread,400 g,"$3.69
 ea.",,$0.92 /100g,,,https://product-images.metro.ca/images/hcb/hbc/11541105967134.jpg,https://www.metro.ca/en/online-grocery/search-page-48
IRRESISTIBLES,Bay Scallops,400 g,"$9.99
 ea.",,$2.50 /100g,"Regular price
$10.99  ea.","Valid until Jan 10, 2024",https://product-images.metro.ca/images/hf8/h0d/11521250852894.jpg,https://www.metro.ca/en/online-grocery/search-page-48
FLAMINGO,Classic Smoked Turkey Breast Roast,,"$3.99
 / 100 g",,$39.90 /kg$18.10 /lb.,,,https://product-images.metro.ca/images/hd6/h01/9742316273694.jpg,https://www.metro.ca/en/online-grocery/search-page-48
SELECTION,Sparkling Water,1 L,"$0.99
 ea.",,$0.10 /100ml,,,https://product-images.metro.ca/images/h46/h7f/9684948615198.jpg,https://www.metro.ca/en/online-grocery/search-page-48
SELECTION,Sliced White Potatoes,540 mL,"$1.99
 ea.",,$0.37 /100ml,"Regular price
$2.39  ea.","Valid until Jan 24, 2024",https://product-images.metro.ca/images/h21/h27/9685043281950.jpg,https://www.metro.ca/en/online-grocery/search-page-48
QUE PASA,Organic Sea Salt Tortilla Chips,300 g,"$4.99
 ea.",,$1.66 /100g,,,https://product-images.metro.ca/images/h82/h02/11714273050654.jpg,https://www.metro.ca/en/online-grocery/search-page-48
IRRESISTIBLES,Frozen Raw Argentinian Wild Shrimp,"340 g, size 20-40","$10.00
 ea.",,$2.94 /100g,"Regular price
$12.49  ea.","Valid until Jan 10, 2024",https://product-images.metro.ca/images/h6d/hc0/11869274079262.jpg,https://www.metro.ca/en/online-grocery/search-page-48
LESTERS,Bar-B-Q Wieners,450g,"$5.99
 ea.",,$1.33 /100g,,,https://product-images.metro.ca/images/h9e/h7e/10841451888670.jpg,https://www.metro.ca/en/online-grocery/search-page-48
HELLMANN'S,Reduced Fat Light Mayonnaise Type Dressing,445 mL,"$5.29
 ea.",,$1.19 /100ml,,,https://product-images.metro.ca/images/h4f/h8f/11344183361566.jpg,https://www.metro.ca/en/online-grocery/search-page-48
CAMPBELL'S,Condensed Consommé,284 mL,"$2.29
 ea.",,$0.81 /100ml,"Regular price
$2.99  ea.","Valid until Jan 24, 2024",https://product-images.metro.ca/images/hc9/h31/12191686131742.jpg,https://www.metro.ca/en/online-grocery/search-page-48
ST-HUBERT,Chicken Rice Soup,540 mL,"$3.99
 ea.",,$0.74 /100ml,,,https://product-images.metro.ca/images/h0a/h76/10402315173918.jpg,https://www.metro.ca/en/online-grocery/search-page-48
CRYSTAL,Margarine,907 g,"$9.79
 ea.",,$1.08 /100g,,,https://product-images.metro.ca/images/h13/had/9751103602718.jpg,https://www.metro.ca/en/online-grocery/search-page-48
MASTRO,Prosciutto With Salami,125 g,"$6.99
 ea.",,$5.59 /100g,"Regular price
$7.99  ea.","Valid until Jan 17, 2024",https://product-images.metro.ca/images/h14/h58/9178969964574.jpg,https://www.metro.ca/en/online-grocery/search-page-48
AYLMER,Cream Of Mushroom Condensed Soup,284 mL,"$1.99
 ea.",,$0.70 /100ml,,,https://product-images.metro.ca/images/hac/h01/9508273160222.jpg,https://www.metro.ca/en/online-grocery/search-page-48
ST-HUBERT,Chicken Noodle Soup With 25% Less Salt,540 mL,"$3.99
 ea.",,$0.74 /100ml,,,https://product-images.metro.ca/images/hfc/h3a/10402306129950.jpg,https://www.metro.ca/en/online-grocery/search-page-48
SILK,Unsweetened Cashew Plant-Based Beverage,1.89 L,"$4.79
 ea.",,$0.25 /100ml,"Regular price
$5.69  ea.","Valid until Feb 14, 2024",https://product-images.metro.ca/images/hef/hb7/12210180554782.jpg,https://www.metro.ca/en/online-grocery/search-page-49
MINUTE RICE,Ready-To-Serve Basmati Rice,2x125 g,"2 / 
$5.50",,$1.10 /100g,"Regular price
$3.29  ea.","Valid until Jan 24, 2024",https://product-images.metro.ca/images/h4e/h76/10685964156958.jpg,https://www.metro.ca/en/online-grocery/search-page-49
IRRESISTIBLES,"White Kidney Beans, Life Smart",540 mL,"$2.49
 ea.",,$0.46 /100ml,,,,https://www.metro.ca/en/online-grocery/search-page-49
NATUR,All Natural Creamy Peanut Butter,500 g,"$5.79
 ea.",,$1.16 /100g,"Regular price
$6.79  ea.","Valid until Feb 7, 2024",https://product-images.metro.ca/images/hcf/hbc/11761494851614.jpg,https://www.metro.ca/en/online-grocery/search-page-49
TROPICANA,Grovestand® Orange Juice With Lots Of Pulp,2.63 L,"$9.29
 ea.",,$0.35 /100ml,,,https://product-images.metro.ca/images/hc0/hea/9514560815134.jpg,https://www.metro.ca/en/online-grocery/search-page-49
KNORR,"Chicken Pasta, Sidekicks",126 g,"3 / 
$7.00",,$1.85 /100g,"Regular price
$2.79  ea.","Valid until Jan 24, 2024",,https://www.metro.ca/en/online-grocery/search-page-49
SNACK PACK,Chocolate Pudding Cups,4x99 g,"$2.99
 ea.",,$0.75 /un.,,,https://product-images.metro.ca/images/he4/h03/10882775285790.jpg,https://www.metro.ca/en/online-grocery/search-page-49
SELECTION,Monterey Jack Cheese,250 g,"$5.29
 ea.",,$2.12 /100g,,,https://product-images.metro.ca/images/h7a/h38/9518584856606.jpg,https://www.metro.ca/en/online-grocery/search-page-49
JELL-O,Strawberry Jelly Powder,85 g,"$1.59
 ea.",,$1.87 /100g,,,https://product-images.metro.ca/images/h9b/h1f/9986883125278.jpg,https://www.metro.ca/en/online-grocery/search-page-49
CATELLI,"Linguine, Classic",500 g,"$2.99
 ea.",,$0.60 /100g,,,,https://www.metro.ca/en/online-grocery/search-page-49
FONTAINE SANTÉ,"Hummus With Roasted Beets, Humm!",227 g,"$4.99
 ea.",,$2.20 /100g,"Regular price
$5.29  ea.","Valid until Jan 17, 2024",,https://www.metro.ca/en/online-grocery/search-page-49
HUNT'S,Original Tomato Sauce,398 mL,"$2.59
 ea.",,$0.65 /100ml,,,https://product-images.metro.ca/images/hd6/h6f/9518962606110.jpg,https://www.metro.ca/en/online-grocery/search-page-49
,Rocha Pear,,"$1.45
 avg. ea.",(165 g avg.),$8.80 /kg$3.99 /lb.,,,https://product-images.metro.ca/images/h5c/hd9/8930409512990.jpg,https://www.metro.ca/en/online-grocery/search-page-49
LIBERTÉ,"5% Extra Creamy Raspberry Yogurt, Greek",4x100 g,"$4.99
 ea.",,$1.25 /100g,,,,https://www.metro.ca/en/online-grocery/search-page-49
TROPICANA,Orange Juice With Added Calcium And Vitamin D,2.63 L,"$9.29
 ea.",,$0.35 /100ml,,,https://product-images.metro.ca/images/h46/hcf/9514517266462.jpg,https://www.metro.ca/en/online-grocery/search-page-49
SIFTO,Coarse Salt,1.36 kg,"$3.29
 ea.",,$0.24 /100g,,,https://product-images.metro.ca/images/h65/h97/9992284962846.jpg,https://www.metro.ca/en/online-grocery/search-page-49
,Nappa Cabbage,,"$4.57
 avg. ea.","(1,040 g avg.)",$4.39 /kg$1.99 /lb.,,,https://product-images.metro.ca/images/h9d/he9/8835293052958.jpg,https://www.metro.ca/en/online-grocery/search-page-49
SELECTION,Lemon Flavoured Sparkling Water,1 L,"$0.99
 ea.",,$0.10 /100ml,,,https://product-images.metro.ca/images/h8c/hce/9670194855966.jpg,https://www.metro.ca/en/online-grocery/search-page-49
,Meaty Tilapia Fillet,,"$5.73
 avg. ea.",(200 g avg.),$28.64 /kg$12.99 /lb.,,,https://product-images.metro.ca/images/hd4/h6b/8938661183518.jpg,https://www.metro.ca/en/online-grocery/search-page-49
METROGO!,Ham Spread-Stuffed Buns,145 g,"$3.99
 ea.",,$2.75 /100g,,,https://product-images.metro.ca/images/hbc/he7/11926655336478.jpg,https://www.metro.ca/en/online-grocery/search-page-49
SELECTION,Frozen Broccoli Florets,500 g,"$3.49
 ea.",,$0.70 /100g,"Regular price
$4.49  ea.","Valid until Jan 10, 2024",https://product-images.metro.ca/images/hcf/hbe/9550955315230.jpg,https://www.metro.ca/en/online-grocery/search-page-49
FONTAINE SANTÉ,Royal Couscous Salad,350 g,"$6.49
 ea.",,$1.85 /100g,"Regular price
$6.99  ea.","Valid until Jan 17, 2024",https://product-images.metro.ca/images/h19/hfd/9532852502558.jpg,https://www.metro.ca/en/online-grocery/search-page-49
SELECTION,2-Ply Facial Tissue,6x126 sheets,"$8.49
 ea.",,$1.12 /100sheet,,,https://product-images.metro.ca/images/h0c/h8e/11327047172126.jpg,https://www.metro.ca/en/online-grocery/search-page-49
CANTON,Bourguignonne Fondue And Dipping Sauce,180 mL,"2 / 
$7.00",,$1.94 /100ml,"Regular price
$3.99  ea.","Valid until Jan 24, 2024",https://product-images.metro.ca/images/h83/h72/11088022470686.jpg,https://www.metro.ca/en/online-grocery/search-page-49
MCCAIN,"Frozen Lightly Battered Potato Wedges, Bistro Selects",650 g,"$5.49
 ea.",,$0.84 /100g,"Regular price
$6.79  ea.","Valid until Feb 14, 2024",,https://www.metro.ca/en/online-grocery/search-page-49
,Chocolate Chunks Cookies,10x38g,"$6.99
 ea.",,$1.84 /100g,,,https://product-images.metro.ca/images/h48/h80/10265078431774.jpg,https://www.metro.ca/en/online-grocery/search-page-49
PARLOUR,French Vanilla Flavoured Frozen Dessert,1.5 L,"$5.99
 ea.",,$0.40 /100ml,,,https://product-images.metro.ca/images/haf/h25/11191483498526.jpg,https://www.metro.ca/en/online-grocery/search-page-49
SELECTION,Mild Salsa,430 mL,"$3.49
 ea.",,$0.81 /100ml,"Regular price
$4.49  ea.","Valid until Jan 24, 2024",https://product-images.metro.ca/images/h92/h8e/8853678948382.jpg,https://www.metro.ca/en/online-grocery/search-page-49
CATELLI,"Spaghetti, Smart",375 g,"$3.99
 ea.",,$1.06 /100g,,,,https://www.metro.ca/en/online-grocery/search-page-49
METROGO!,Hot Italian Sausages,6 sausages per tray,"$10.57
 avg. ea.",(800 g avg.),$13.21 /kg$5.99 /lb.,,,https://product-images.metro.ca/images/hfd/h5e/9231705014302.jpg,https://www.metro.ca/en/online-grocery/search-page-49
LIBERTÉ,"2% Coconut Flavoured Yogurt, Greek",4x100 g,"$4.99
 ea.",,$1.25 /100g,,,,https://www.metro.ca/en/online-grocery/search-page-50
CATELLI,"Small Shells, Classic",375 g,"$3.29
 ea.",,$0.88 /100g,,,,https://www.metro.ca/en/online-grocery/search-page-50
SELECTION,Apple Cider Vinegar,1 L,"$2.99
 ea.",,$0.30 /100ml,,,https://product-images.metro.ca/images/ha2/hbc/11205045190686.jpg,https://www.metro.ca/en/online-grocery/search-page-50
SELECTION,Unsweetened Medium Desiccated Coconut,200 g,"$2.49
 ea.",,$1.25 /100g,,,https://product-images.metro.ca/images/hbe/hc1/11521160347678.jpg,https://www.metro.ca/en/online-grocery/search-page-50
SEALTEST,1% Fat-Free Sour Cream,500 mL,"$3.99
 ea.",,$0.80 /100ml,"Regular price
$4.49  ea.","Valid until Jan 10, 2024",https://product-images.metro.ca/images/h94/h1f/11374767079454.jpg,https://www.metro.ca/en/online-grocery/search-page-50
BEATRICE,Skim Milk,2 L,"$3.94
 ea.",,$0.20 /100ml,,,https://product-images.metro.ca/images/haf/h86/12230518308894.jpg,https://www.metro.ca/en/online-grocery/search-page-50
QUE PASA,Organic Red Corn Tortilla Chips,300 g,"$4.99
 ea.",,$1.66 /100g,,,https://product-images.metro.ca/images/hb4/h9a/11714276327454.jpg,https://www.metro.ca/en/online-grocery/search-page-50
CATELLI,"Spaghetti, Classic",900 g,"$2.99
 ea.",,$0.33 /100g,"Regular price
$4.99  ea.","Valid until Jan 24, 2024",,https://www.metro.ca/en/online-grocery/search-page-50
HÄAGEN-DAZS,Vanilla And Milk Flavoured Ice Cream Bars,3x88 mL,"$4.99
 ea.",,$1.89 /100ml,"Regular price
$6.69  ea.","Valid until Jan 24, 2024",https://product-images.metro.ca/images/h64/h63/11541005500446.jpg,https://www.metro.ca/en/online-grocery/search-page-50
MCCAIN,"Frozen Extra Crispy Spicy Straight Cut Fries, Superf...",650 g,"$5.49
 ea.",,$0.84 /100g,"Regular price
$6.79  ea.","Valid until Feb 14, 2024",,https://www.metro.ca/en/online-grocery/search-page-50
BAKER'S,Semi-Sweet Baking Chocolate Squares,225 g,"$6.49
 ea.",,$2.88 /100g,,,https://product-images.metro.ca/images/he1/h8e/11761482039326.jpg,https://www.metro.ca/en/online-grocery/search-page-50
SELECTION,Dry Roasted Peanuts,700 g,"$5.99
 ea.",,$0.86 /100g,"Regular price
$6.49  ea.","Valid until Jan 24, 2024",https://product-images.metro.ca/images/h04/hb8/11521246068766.jpg,https://www.metro.ca/en/online-grocery/search-page-50
SELECTION,Coconut Milk,400 mL,"$1.99
 ea.",,$0.50 /100ml,"Regular price
$2.69  ea.","Valid until Jan 10, 2024",https://product-images.metro.ca/images/h33/hac/9068117196830.jpg,https://www.metro.ca/en/online-grocery/search-page-50
HIGH LINER,"Frozen Wild Pacific Salmon Fillets, Signature Cuts",400 g,"$10.99
 ea.",,$2.75 /100g,"Regular price
$11.99  ea.","Valid until Jan 17, 2024",,https://www.metro.ca/en/online-grocery/search-page-50
ASTRO,"4% Balkan Style Fruit Yogurt Variety Pack, Original",12x100 g,"$4.99
 ea.",,$0.42 /100g,"Regular price
$6.79  ea.","Valid until Feb 14, 2024",,https://www.metro.ca/en/online-grocery/search-page-50
METROGO!,Italian Baguette,,"$6.99
 ea.",,$2.80 /100g,,,https://product-images.metro.ca/images/hc8/h9f/11926653239326.jpg,https://www.metro.ca/en/online-grocery/search-page-50
IRRESISTIBLES,Frozen Mini Chocolate Eclairs,Approx. 28 un - 455 g,"$9.99
 ea.",,$2.20 /100g,"Regular price
$11.99  ea.","Valid until Jan 10, 2024",https://product-images.metro.ca/images/h03/h0e/8861758816286.jpg,https://www.metro.ca/en/online-grocery/search-page-50
SELECTION,Smooth Peanut Butter,1 kg,"$5.99
 ea.",,$0.60 /100g,,,https://product-images.metro.ca/images/hd0/h53/11521162084382.jpg,https://www.metro.ca/en/online-grocery/search-page-50
KRAFT,"Chicken Stuffing Mix, Stove Top",120 g,"$2.99
 ea.",,$2.49 /100g,"Regular price
$3.49  ea.","Valid until Jan 24, 2024",,https://www.metro.ca/en/online-grocery/search-page-50
IRRESISTIBLES,Frozen Shell-On Deveined Raw Pacific White Shrimp,"340 g, size 51-60","$9.00
 ea.",,$2.65 /100g,"Regular price
$9.99  ea.","Valid until Jan 17, 2024",https://product-images.metro.ca/images/h76/h55/9518651146270.jpg,https://www.metro.ca/en/online-grocery/search-page-50
SCHNEIDERS,"Frozen Breakfast Sausages, Mini-Sizzlers",375 g,"$9.99
 ea.",,$2.66 /100g,,"Valid until Jan 10, 2024",,https://www.metro.ca/en/online-grocery/search-page-50
GATTUSO,Spicy Pizza Sauce,213 mL,"$2.19
 ea.",,$1.03 /100ml,,,https://product-images.metro.ca/images/h50/h6e/8853143715870.jpg,https://www.metro.ca/en/online-grocery/search-page-50
KELLOGG'S,"Original Cereal, All-Bran",525 g,"$4.49
 ea.",,$0.86 /100g,"Regular price
$6.79  ea.","Valid until Jan 10, 2024",,https://www.metro.ca/en/online-grocery/search-page-50
KELLOGG'S,"Cereal, Corn Flakes",250 g,"$5.49
 ea.",,$2.20 /100g,,,,https://www.metro.ca/en/online-grocery/search-page-50
HAIKU,Asian Style Noodles,300 g,"$3.99
 ea.",,$1.33 /100g,"Regular price
$4.49  ea.","Valid until Jan 24, 2024",https://product-images.metro.ca/images/hd1/h80/11521152548894.jpg,https://www.metro.ca/en/online-grocery/search-page-50
M'LORD,Nonpareil Capers,100 mL,"$2.79
 ea.",,$2.79 /100ml,"Regular price
$3.29  ea.","Valid until Jan 24, 2024",https://product-images.metro.ca/images/h76/hc6/12263423508510.jpg,https://www.metro.ca/en/online-grocery/search-page-50
NEAL BROTHERS,Organic Deep Blue + Flax Tortillas,300 g,"$4.79
 ea.",,$1.60 /100g,,,https://product-images.metro.ca/images/h05/h21/9518968111134.jpg,https://www.metro.ca/en/online-grocery/search-page-50
SELECTION,Natural Spring Water,500 mL,"$0.59
 ea.",,$0.12 /100ml,,,https://product-images.metro.ca/images/hb7/h57/9519187296286.jpg,https://www.metro.ca/en/online-grocery/search-page-50
SELECTION,Macaroni Salad,800 g,"$5.99
 ea.",,$0.75 /100g,,,https://product-images.metro.ca/images/h45/h0d/11521074233374.jpg,https://www.metro.ca/en/online-grocery/search-page-50
ROBIN HOOD,Original All-Purpose Flour,1 kg,"$3.99
 ea.",,$0.40 /100g,,,https://product-images.metro.ca/images/h5e/h72/12174880702494.jpg,https://www.metro.ca/en/online-grocery/search-page-50
WRIGLEY'S,"Spearmint Flavoured Sugar-Free Gum, Excel",1 un,"$1.89
 ea.",,$1.89 /un.,,,,https://www.metro.ca/en/online-grocery/search-page-51
GASPÉSIEN,Mock Chicken Meat Loaf,200 g,"$5.79
 ea.",,$2.90 /100g,,,https://product-images.metro.ca/images/h14/h54/11449488801822.jpg,https://www.metro.ca/en/online-grocery/search-page-51
BICK'S,Pickled Sliced Beets,750 mL,"$5.99
 ea.",,$0.80 /100ml,,,https://product-images.metro.ca/images/h05/he1/11412539670558.jpg,https://www.metro.ca/en/online-grocery/search-page-51
PERRIER,Lemon Flavoured Carbonated Natural Spring Water,6x1 L,"$13.99
 ea.",,$0.23 /100ml,,,https://product-images.metro.ca/images/h16/hbb/11728538337310.jpg,https://www.metro.ca/en/online-grocery/search-page-51
PRIMO,Canned Mixed Beans,540 mL,"$2.69
 ea.",,$0.50 /100ml,,,https://product-images.metro.ca/images/haf/hd0/11292689006622.jpg,https://www.metro.ca/en/online-grocery/search-page-51
SELECTION,Long Grain White Rice,900 g,"$2.99
 ea.",,$0.33 /100g,"Regular price
$3.79  ea.","Valid until Jan 24, 2024",https://product-images.metro.ca/images/hcc/hb0/9458920914974.jpg,https://www.metro.ca/en/online-grocery/search-page-51
LACTANTIA,2% Lactose Free Milk,4 L,"$10.99
 ea.",,$0.27 /100ml,"Regular price
$11.69  ea.","Valid until Feb 14, 2024",https://product-images.metro.ca/images/h05/h69/11354246742046.jpg,https://www.metro.ca/en/online-grocery/search-page-51
ROMA,"Pepperoni Caserta, Deli Roma",375 g,"$7.29
 ea.",,$1.94 /100g,"Regular price
$8.49  ea.","Valid until Jan 17, 2024",,https://www.metro.ca/en/online-grocery/search-page-51
CAVENDISH FARMS,"Frozen Thin Cut French Fries, Drive Thru Restaurant ...",750 g,"$4.99
 ea.",,$0.67 /100g,,,,https://www.metro.ca/en/online-grocery/search-page-51
AKI SUSHI,Two Salmon Poke Bowl,2x347 g,"$15.99
 ea.",,$4.61 /100g,,,https://product-images.metro.ca/images/h21/h79/11195830468638.jpg,https://www.metro.ca/en/online-grocery/search-page-51
GATORADE,Fruit Punch Flavoured Thirst Quencher,710 mL,"$2.79
 ea.",,$0.39 /100ml,,,https://product-images.metro.ca/images/h2f/h4e/9514534862878.jpg,https://www.metro.ca/en/online-grocery/search-page-51
NUTRI,"Large White Eggs, Free Run Hens",12 un,"$6.79
 ea.",,$0.57 /un.,,"Valid until Jan 10, 2024",,https://www.metro.ca/en/online-grocery/search-page-51
IRRESISTIBLES,Avalanche Of Cookie Dough And Brownies Ice Cream,1.5 L,"$5.49
 ea.",,$0.37 /100ml,"Regular price
$7.29  ea.","Valid until Jan 10, 2024",https://product-images.metro.ca/images/hca/hf2/9963058724894.jpg,https://www.metro.ca/en/online-grocery/search-page-51
ST-HUBERT,Brown Gravy Mix,46 g,"3 / 
$5.00",,$3.62 /100g,"Regular price
$2.39  ea.","Valid until Jan 10, 2024",https://product-images.metro.ca/images/h1e/h73/10170595999774.jpg,https://www.metro.ca/en/online-grocery/search-page-51
IRRESISTIBLES,Lactose-Free Swiss Cheese,1 piece,"$5.31
 avg. ea.",(140 g avg.),$37.90 /kg$17.19 /lb.,,,https://product-images.metro.ca/images/h9d/h13/8886717677598.jpg,https://www.metro.ca/en/online-grocery/search-page-51
METROGO!,Spicy Sriracha Simili Crab Salad,,"$4.97
 avg. ea.",(205 g avg.),$24.23 /kg$10.99 /lb.,,,https://product-images.metro.ca/images/h3d/hea/8943837610014.jpg,https://www.metro.ca/en/online-grocery/search-page-51
DUNN'S,Rye Bread,340 g,"$4.99
 ea.",,$1.47 /100g,,,https://product-images.metro.ca/images/h4a/h9d/9005303037982.jpg,https://www.metro.ca/en/online-grocery/search-page-51
EL-MA-MIA,Spice Mix For Spaghetti Meat Sauce,110 g,"2 / 
$8.50",,$3.86 /100g,"Regular price
$4.99  ea.","Valid until Feb 7, 2024",https://product-images.metro.ca/images/h75/h5c/11892966031390.jpg,https://www.metro.ca/en/online-grocery/search-page-51
IRRESISTIBLES,"German Salami, Artisan",,"$4.99
 / 100 g",,$49.90 /kg$22.63 /lb.,"Regular price
$53.90  / kg","Valid until Jan 17, 2024",,https://www.metro.ca/en/online-grocery/search-page-51
,Navel Oranges,3 lb,"$6.99
 ea.",,$0.51 /100g,,,https://product-images.metro.ca/images/h4b/h1d/8873670475806.jpg,https://www.metro.ca/en/online-grocery/search-page-51
BRAGG,Organic Apple Cider Vinegar,473 mL,"$7.99
 ea.",,$1.69 /100ml,,,https://product-images.metro.ca/images/hf3/hf1/11627094114334.jpg,https://www.metro.ca/en/online-grocery/search-page-51
BICK'S,Garlic Dill Pickles,1 L,"$5.99
 ea.",,$0.60 /100ml,,,https://product-images.metro.ca/images/hcb/h82/10183822704670.jpg,https://www.metro.ca/en/online-grocery/search-page-51
,Organic Beefsteak Tomatoe,,"$2.64
 avg. ea.",(200 g avg.),$13.21 /kg$5.99 /lb.,,,https://product-images.metro.ca/images/h1c/h9e/9279551668254.jpg,https://www.metro.ca/en/online-grocery/search-page-51
KNORR,Cream Of Leek Soup Mix,1 un,"$2.49
 ea.",,$2.49 /un.,,,https://product-images.metro.ca/images/he1/hb9/11461748457502.jpg,https://www.metro.ca/en/online-grocery/search-page-51
SELECTION,Frozen French Fries,1 kg,"$2.99
 ea.",,$0.30 /100g,"Regular price
$3.69  ea.","Valid until Feb 14, 2024",https://product-images.metro.ca/images/hb4/h72/10390641868830.jpg,https://www.metro.ca/en/online-grocery/search-page-51
HELLMANN'S,Mayonnaise With Olive Oil,890 mL,"$6.99
 ea.",,$0.79 /100ml,"Regular price
$8.49  ea.","Valid until Jan 24, 2024",https://product-images.metro.ca/images/he9/h88/11344186966046.jpg,https://www.metro.ca/en/online-grocery/search-page-51
QUÉBON,"5% Dairy Blend For Cooking, Ultra'Cream",473 mL,"$3.49
 ea.",,$0.74 /100ml,"Regular price
$4.49  ea.","Valid until Feb 14, 2024",,https://www.metro.ca/en/online-grocery/search-page-51
DIANA,Gourmet Honey Garlic Bbq Sauce,500 mL,"$4.99
 ea.",,$1.00 /100ml,,,https://product-images.metro.ca/images/h16/h95/9986902425630.jpg,https://www.metro.ca/en/online-grocery/search-page-51
SELECTION,Honey Roasted Peanuts,700 g,"$5.99
 ea.",,$0.86 /100g,"Regular price
$6.49  ea.","Valid until Jan 24, 2024",https://product-images.metro.ca/images/hee/h95/11521041956894.jpg,https://www.metro.ca/en/online-grocery/search-page-51
S.O.S.,Soap-Filled Steel Wool Pads,10 un,"$2.69
 ea.",,$0.27 /un.,,,https://product-images.metro.ca/images/h2b/hea/11655044694046.jpg,https://www.metro.ca/en/online-grocery/search-page-51
,Butterfly Pork Chops,2 chops per tray,"$6.34
 avg. ea.",(400 g avg.),$15.85 /kg$7.19 /lb.,,,https://product-images.metro.ca/images/h64/hf1/8886445801502.jpg,https://www.metro.ca/en/online-grocery/search-page-52
,Inside Round Roast,,"$24.89
 avg. ea.","(1,000 g avg.)",$24.89 /kg$11.29 /lb.,,,https://product-images.metro.ca/images/hc7/h4b/8886635986974.jpg,https://www.metro.ca/en/online-grocery/search-page-52
HIGH LINER,"Frozen Uncooked Cod Loins, Market Cuts",227 g,"2 / 
$10.00",,or $6.99 ea. $2.20 /100g,"Regular price
$9.99  ea.","Valid until Jan 10, 2024",,https://www.metro.ca/en/online-grocery/search-page-52
ZIPLOC,Large Storage Bags,19 un,"$5.99
 ea.",,$0.32 /un.,,,https://product-images.metro.ca/images/h19/h76/11679601229854.jpg,https://www.metro.ca/en/online-grocery/search-page-52
METROGO!,"Pizza Submarine Sandwiches, Value Pack",,"$14.99
 ea.",,$1.61 /100g,,,,https://www.metro.ca/en/online-grocery/search-page-52
SELECTION,Light Cream Cheese Brick,250 g,"$3.49
 ea.",,$1.40 /100g,"Regular price
$3.99  ea.","Valid until Feb 14, 2024",https://product-images.metro.ca/images/h66/ha7/10904141135902.jpg,https://www.metro.ca/en/online-grocery/search-page-52
EARTH'S OWN,Unsweetened Original Flavour Fortified Organic Almon...,1.75 L,"$4.79
 ea.",,$0.27 /100ml,,,,https://www.metro.ca/en/online-grocery/search-page-52
SELECTION,Super Sweet Whole Kernel Corn,341 mL,"$2.29
 ea.",,$0.67 /100ml,,,https://product-images.metro.ca/images/h71/h11/9518819344414.jpg,https://www.metro.ca/en/online-grocery/search-page-52
IRRESISTIBLES,Frozen Cooked Pacific White Shrimp,"680 g, size 31-40","$19.99
 ea.",,$2.94 /100g,"Regular price
$24.99  ea.","Valid until Jan 17, 2024",https://product-images.metro.ca/images/hee/hbd/11679618334750.jpg,https://www.metro.ca/en/online-grocery/search-page-52
METROGO!,Spring Pasta Salad,,"$2.84
 avg. ea.",(150 g avg.),$18.90 /kg$8.57 /lb.,,,https://product-images.metro.ca/images/h3a/h77/11926696067102.jpg,https://www.metro.ca/en/online-grocery/search-page-52
DOUBLE FRUIT,Strawberry Fruit Spread,500 mL,"$5.99
 ea.",,$1.20 /100ml,"Regular price
$6.49  ea.","Valid until Feb 7, 2024",https://product-images.metro.ca/images/h93/h76/11401289990174.jpg,https://www.metro.ca/en/online-grocery/search-page-52
SELECTION,Frozen Garden Blend Mixed Vegetables,750 g,"$3.49
 ea.",,$0.47 /100g,"Regular price
$4.49  ea.","Valid until Jan 10, 2024",https://product-images.metro.ca/images/h69/he0/9658060439582.jpg,https://www.metro.ca/en/online-grocery/search-page-52
SELECTION,Condensed Tomato Soup,284 mL,"2 / 
$2.22",,$0.39 /100ml,"Regular price
$1.39  ea.","Valid until Jan 24, 2024",https://product-images.metro.ca/images/hcb/hbd/10134512926750.jpg,https://www.metro.ca/en/online-grocery/search-page-52
JANES,Frozen Genuine Scottish Haddock Battered Fillets,"5-7 fillets, 575 g","$22.99
 ea.",,$4.00 /100g,,,https://product-images.metro.ca/images/h24/hb4/10201516015646.jpg,https://www.metro.ca/en/online-grocery/search-page-52
PASTENE,Italian Flavoured Bread Crumbs,425 g,"$4.79
 ea.",,$1.13 /100g,,,https://product-images.metro.ca/images/h8d/hc7/12050672549918.jpg,https://www.metro.ca/en/online-grocery/search-page-52
,Île De France Brie,1 piece,"$8.66
 avg. ea.",(177 g avg.),$48.90 /kg$22.18 /lb.,,,,https://www.metro.ca/en/online-grocery/search-page-52
CREST,"Regular Toothpaste, Cavity Protection",100 mL,"$1.99
 ea.",,$1.99 /100ml,,,,https://www.metro.ca/en/online-grocery/search-page-52
GALBANI,Mozzarella Cheese,500 g,"$7.99
 ea.",,$1.60 /100g,,,https://product-images.metro.ca/images/hfa/hf3/11574115991582.jpg,https://www.metro.ca/en/online-grocery/search-page-52
SELECTION,Hot Chicken Sandwich Sauce,398 mL,"$2.19
 ea.",,$0.55 /100ml,,,https://product-images.metro.ca/images/hbe/hfe/11198068785182.jpg,https://www.metro.ca/en/online-grocery/search-page-52
FRONT STREET BAKERY,Italian Calabrese Bread,500 g,"$4.49
 ea.",,$0.90 /100g,,,https://product-images.metro.ca/images/h37/hbb/8951408263198.jpg,https://www.metro.ca/en/online-grocery/search-page-52
SELECTION,Hazelnut Chocolate Spread,725 g,"$6.49
 ea.",,$0.90 /100g,"Regular price
$7.49  ea.","Valid until Feb 7, 2024",https://product-images.metro.ca/images/hd0/h56/11117329186846.jpg,https://www.metro.ca/en/online-grocery/search-page-52
CAMPBELL'S,Low Fat Cream Of Mushroom Condensed Soup,284 mL,"$2.29
 ea.",,$0.81 /100ml,"Regular price
$2.99  ea.","Valid until Jan 24, 2024",https://product-images.metro.ca/images/h63/hb4/9906394955806.jpg,https://www.metro.ca/en/online-grocery/search-page-52
SELECTION,Swiss Cheese,400 g,"$3.97
 ea.",,$0.99 /100g,"Regular price
$6.49  ea.","Valid until Jan 10, 2024",https://product-images.metro.ca/images/hc7/h28/9519530115102.jpg,https://www.metro.ca/en/online-grocery/search-page-52
OKA,Swiss Style Cheese,1 piece,"$12.77
 avg. ea.",(237 g avg.),$53.90 /kg$24.45 /lb.,,,https://product-images.metro.ca/images/h71/h06/10967807033374.jpg,https://www.metro.ca/en/online-grocery/search-page-52
OREO,Vanilla Frozen Dessert,1.5 L,"$5.99
 ea.",,$0.40 /100ml,"Regular price
$7.99  ea.","Valid until Jan 24, 2024",https://product-images.metro.ca/images/hea/h9b/11754052550686.jpg,https://www.metro.ca/en/online-grocery/search-page-52
ACTIVIA,2.9% Prune Flavoured Probiotic Yogurt,650 g,"2 / 
$7.50",,or $5.49 ea. $0.58 /100g,,"Valid until Feb 14, 2024",https://product-images.metro.ca/images/hf0/h71/11574072344606.jpg,https://www.metro.ca/en/online-grocery/search-page-52
,"Ribeye Steaks, Brown & Serve",2 steaks per tray,"$24.24
 avg. ea.",(400 g avg.),$60.60 /kg$27.49 /lb.,,,https://product-images.metro.ca/images/hd2/h54/8886453436446.jpg,https://www.metro.ca/en/online-grocery/search-page-52
PETIT GOURMET,French Green Beans,400 g,"$5.99
 ea.",,$1.50 /100g,,,https://product-images.metro.ca/images/h75/heb/11493073027102.jpg,https://www.metro.ca/en/online-grocery/search-page-52
,"Pork Chops, Center Cut, Hotel Cut",2 chops per tray,"$11.89
 avg. ea.",(600 g avg.),$19.82 /kg$8.99 /lb.,,,https://product-images.metro.ca/images/hc0/hf8/9233884053534.jpg,https://www.metro.ca/en/online-grocery/search-page-52
GRANDMA,Fancy Molasses,300 g,"$2.99
 ea.",,$1.00 /100g,,,https://product-images.metro.ca/images/hd8/h89/9906473238558.jpg,https://www.metro.ca/en/online-grocery/search-page-52
ALLÉGRO,9% Lactose Free White Cheese,270 g,"$7.49
 ea.",,$2.77 /100g,,,https://product-images.metro.ca/images/ha2/hd8/10268285468702.jpg,https://www.metro.ca/en/online-grocery/search-page-53
CAVENDISH FARMS,Frozen Classic Straight Cut Fries,750 g,"$4.99
 ea.",,$0.67 /100g,,,https://product-images.metro.ca/images/h49/h07/10393702105118.jpg,https://www.metro.ca/en/online-grocery/search-page-53
SCHNEIDERS,Applewood Smoked Original Ham,700 g,"$19.99
 ea.",,$2.86 /100g,,,https://product-images.metro.ca/images/hb7/h60/11590710427678.jpg,https://www.metro.ca/en/online-grocery/search-page-53
PEPPERIDGE FARM,"Cheese Trio Flavoured Baked Crackers, Goldfish",200 g,"$3.49
 ea.",,$1.75 /100g,"Regular price
$4.19  ea.","Valid until Jan 10, 2024",,https://www.metro.ca/en/online-grocery/search-page-53
IRRESISTIBLES,Mild Cocktail Sauce,250 mL,"$4.49
 ea.",,$1.80 /100ml,"Regular price
$4.99  ea.","Valid until Jan 17, 2024",https://product-images.metro.ca/images/h17/h31/9518651768862.jpg,https://www.metro.ca/en/online-grocery/search-page-53
IRRESISTIBLES,Frozen Pacific White Shrimp Ring With Cocktail Sauce,284 g,"$7.00
 ea.",,$2.46 /100g,"Regular price
$7.99  ea.","Valid until Jan 17, 2024",https://product-images.metro.ca/images/hb1/hce/12156435922974.jpg,https://www.metro.ca/en/online-grocery/search-page-53
NEAL BROTHERS,Organic Blue Corn Tortilla Chips,300 g,"$4.79
 ea.",,$1.60 /100g,,,https://product-images.metro.ca/images/h34/hef/9519026077726.jpg,https://www.metro.ca/en/online-grocery/search-page-53
FRONT STREET BAKERY,Authentic Italian Calabrese Bread Baked In Store,500 g,"$4.49
 ea.",,$0.90 /100g,,,https://product-images.metro.ca/images/hfc/h07/11751867678750.jpg,https://www.metro.ca/en/online-grocery/search-page-53
SMOKY BAY,Australian Red Wine,1 L,"$13.49
 ea.",,$1.35 /100ml,"Regular price
$14.99  ea.","Valid until Feb 7, 2024",https://product-images.metro.ca/images/h2f/hab/9518146256926.jpg,https://www.metro.ca/en/online-grocery/search-page-53
DARE,"Chocolate Covered Marshmallow Raspberry Cookies, Whi...",250 g,"$4.49
 ea.",,$1.80 /100g,,,,https://www.metro.ca/en/online-grocery/search-page-53
QUÉBON,2% Milk,473 mL,"$1.89
 ea.",,$0.40 /100ml,,,https://product-images.metro.ca/images/hd0/h82/11274297344030.jpg,https://www.metro.ca/en/online-grocery/search-page-53
SELECTION,Black Peppercorns,105 g,"$4.99
 ea.",,$4.75 /100g,,,https://product-images.metro.ca/images/h48/h7e/9096951889950.jpg,https://www.metro.ca/en/online-grocery/search-page-53
RENÉE'S GOURMET,Mighty Caesar Salad Dressing,355 mL,"$5.99
 ea.",,$1.69 /100ml,,,https://product-images.metro.ca/images/hc1/hb6/9986777841694.jpg,https://www.metro.ca/en/online-grocery/search-page-53
SELECTION,Peaches And Cream Whole Kernel Corn,341 mL,"$2.29
 ea.",,$0.67 /100ml,,,https://product-images.metro.ca/images/h2f/h98/11521147273246.jpg,https://www.metro.ca/en/online-grocery/search-page-53
ST-DONAT BAKERY,Pecan Pie,630 g,"$14.99
 ea.",,$2.38 /100g,,,https://product-images.metro.ca/images/h75/hca/11541031354398.jpg,https://www.metro.ca/en/online-grocery/search-page-53
WRIGLEY'S,"Peppermint Flavoured Sugar-Free Gum, Excel",1 un,"$1.89
 ea.",,$1.89 /un.,,,,https://www.metro.ca/en/online-grocery/search-page-53
SELECTION,Chili Powder,100 g,"$3.49
 ea.",,$3.49 /100g,,,https://product-images.metro.ca/images/h50/h84/9096950054942.jpg,https://www.metro.ca/en/online-grocery/search-page-53
IRRESISTIBLES,Avalanche Of Chocolate And Brownies Ice Cream,1.5 L,"$5.49
 ea.",,$0.37 /100ml,"Regular price
$7.29  ea.","Valid until Jan 10, 2024",https://product-images.metro.ca/images/hd7/h20/9963293933598.jpg,https://www.metro.ca/en/online-grocery/search-page-53
CAVENDISH FARMS,Frozen Onion Hash Brown Patties,1.2 kg,"$7.99
 ea.",,$0.67 /100g,,,https://product-images.metro.ca/images/h63/ha1/10201477513246.jpg,https://www.metro.ca/en/online-grocery/search-page-53
SELECTION,Basmati Rice,900 g,"$4.99
 ea.",,$0.55 /100g,"Regular price
$5.49  ea.","Valid until Jan 10, 2024",https://product-images.metro.ca/images/h58/h0a/9421390053406.jpg,https://www.metro.ca/en/online-grocery/search-page-53
MASTRO,Sliced Hot Genoa Salami,150 g,"$6.99
 ea.",,$4.66 /100g,"Regular price
$7.99  ea.","Valid until Jan 17, 2024",https://product-images.metro.ca/images/h47/h14/9189285888030.jpg,https://www.metro.ca/en/online-grocery/search-page-53
ARROWROOT,Arrowroot Biscuits,350 g,"$5.99
 ea.",,$1.71 /100g,,,https://product-images.metro.ca/images/h0d/hd3/10889143386142.jpg,https://www.metro.ca/en/online-grocery/search-page-53
QUAKER,"Crunchy Oat Cereal, Squares",500 g,"$5.79
 ea.",,$1.16 /100g,,,,https://www.metro.ca/en/online-grocery/search-page-53
SELECTION,1-Ply Table Napkins,250 un,"$4.39
 ea.",,$0.02 /un.,,,https://product-images.metro.ca/images/h8d/h5d/10286943666206.jpg,https://www.metro.ca/en/online-grocery/search-page-53
,Savoy Cabbage,,"$4.79
 avg. ea.","(1,090 g avg.)",$4.39 /kg$1.99 /lb.,,,https://product-images.metro.ca/images/he2/hd9/8834177433630.jpg,https://www.metro.ca/en/online-grocery/search-page-53
ESKA,Lime Flavoured Carbonated Spring Water,1 L,"$1.29
 ea.",,$0.13 /100ml,"Regular price
$1.59  ea.","Valid until Feb 7, 2024",https://product-images.metro.ca/images/h51/hb6/10268275539998.jpg,https://www.metro.ca/en/online-grocery/search-page-53
CUDDY,Montreal Smoked Turkey Breast Roast,,"$5.19
 / 100 g",,$51.90 /kg$23.54 /lb.,,,https://product-images.metro.ca/images/hd6/he5/9225511862302.jpg,https://www.metro.ca/en/online-grocery/search-page-53
SELECTION,Sliced Green Olives,375 mL,"$3.29
 ea.",,$0.88 /100ml,,,https://product-images.metro.ca/images/h0f/h9c/10183871004702.jpg,https://www.metro.ca/en/online-grocery/search-page-53
IRRESISTIBLES,"Cranberry Goat'S Milk Cheese, Artisan",250 g,"$10.99
 ea.",,$4.40 /100g,,,,https://www.metro.ca/en/online-grocery/search-page-53
CATELLI,"Alphabets, Classic",375 g,"$3.29
 ea.",,$0.88 /100g,,,,https://www.metro.ca/en/online-grocery/search-page-53
TRISCUIT,Rosemary & Olive Oil Seasoned Crackers,200 g,"$4.49
 ea.",,$2.25 /100g,,,https://product-images.metro.ca/images/h06/hcc/9508376870942.jpg,https://www.metro.ca/en/online-grocery/search-page-54
GATORADE,Cool Blue™ Flavoured Thirst Quencher,710 mL,"$2.79
 ea.",,$0.39 /100ml,,,https://product-images.metro.ca/images/h84/ha9/9514509500446.jpg,https://www.metro.ca/en/online-grocery/search-page-54
ST-HUBERT,Pepper Gravy With 25% Less Salt,398 mL,"$2.69
 ea.",,$0.68 /100ml,,,https://product-images.metro.ca/images/hfb/h54/10239146033182.jpg,https://www.metro.ca/en/online-grocery/search-page-54
SELECTION,Regular Kitchen Garbage Bags,48 un,"$4.29
 ea.",,$0.09 /un.,,,https://product-images.metro.ca/images/h08/h49/8809473310750.jpg,https://www.metro.ca/en/online-grocery/search-page-54
,Picanha Top Sirloin Steaks,2 steaks per tray,"$10.58
 avg. ea.",(300 g avg.),$35.25 /kg$15.99 /lb.,,,https://product-images.metro.ca/images/hbc/hd8/8886376431646.jpg,https://www.metro.ca/en/online-grocery/search-page-54
CASTELLO,Sliced Provolone Cheese,165 g,"$6.99
 ea.",,$4.24 /100g,"Regular price
$7.99  ea.","Valid until Jan 17, 2024",https://product-images.metro.ca/images/h0f/h4f/10399709495326.jpg,https://www.metro.ca/en/online-grocery/search-page-54
PURE LIFE,Lime Flavoured Sparkling Water,1 L,"$0.99
 ea.",,$0.10 /100ml,,,https://product-images.metro.ca/images/h35/h84/11540997931038.jpg,https://www.metro.ca/en/online-grocery/search-page-54
ROYAL NUTS,Unsalted Dry Roasted Cashews,350 g,"$12.99
 ea.",,$3.71 /100g,"Regular price
$13.99  ea.","Valid until Jan 10, 2024",https://product-images.metro.ca/images/he1/h62/11849322102814.jpg,https://www.metro.ca/en/online-grocery/search-page-54
CLUB HOUSE,"Montreal Steak Spice Seasoning, La Grille",188 g,"$6.49
 ea.",,$3.45 /100g,,,,https://www.metro.ca/en/online-grocery/search-page-54
NATURE VALLEY,"Peanut Butter Crunchy Granola Bars, Crunchy",10 bars,"2 / 
$6.00",,or $3.99 ea. $1.30 /100g,,"Valid until Feb 7, 2024",,https://www.metro.ca/en/online-grocery/search-page-54
IÖGO,"0% Strawberry, Peach, Vanilla And Raspberry Flavoure...",16x100 g,"$8.79
 ea.",,$0.55 /100g,,,,https://www.metro.ca/en/online-grocery/search-page-54
ST-HUBERT,Tourtière,610 g,"$6.99
 ea.",,$1.15 /100g,"Regular price
$11.99  ea.","Valid until Jan 10, 2024",https://product-images.metro.ca/images/h56/hb9/11860680409118.jpg,https://www.metro.ca/en/online-grocery/search-page-54
CHRISTIE,"Classic Oatmeal Cookies Portion Packs, Dad'S",300 g,"$3.79
 ea.",,$1.26 /100g,"Regular price
$4.99  ea.","Valid until Jan 24, 2024",,https://www.metro.ca/en/online-grocery/search-page-54
ASTRO,"6% Strawberry Delight Flavoured Balkan Style Yogurt,...",650 g,"$4.69
 ea.",,$0.72 /100g,,,,https://www.metro.ca/en/online-grocery/search-page-54
WONG WING,Frozen Won Ton Covers,454 g,"$4.99
 ea.",,$1.10 /100g,"Regular price
$5.49  ea.","Valid until Jan 10, 2024",https://product-images.metro.ca/images/h6e/h25/8819230277662.jpg,https://www.metro.ca/en/online-grocery/search-page-54
À TABLE!,Old Fashioned Beans With Pork,450 mL,"$4.49
 ea.",,$1.00 /100ml,"Regular price
$4.99  ea.","Valid until Jan 17, 2024",https://product-images.metro.ca/images/heb/hf5/11521072431134.jpg,https://www.metro.ca/en/online-grocery/search-page-54
D'ITALIANO,Thick Slice 100% Whole Wheat Bread,675 g,"$5.49
 ea.",,$0.81 /100g,,,https://product-images.metro.ca/images/h6e/h54/9252545232926.jpg,https://www.metro.ca/en/online-grocery/search-page-54
TROPICANA,Cranberry Cocktail,1.75 L,"$5.79
 ea.",,$0.33 /100ml,,,https://product-images.metro.ca/images/hdc/h20/9514571038750.jpg,https://www.metro.ca/en/online-grocery/search-page-54
BURNBRAE FARMS,"Hard Boiled And Peeled Eggs Omega 3, Naturegg",2x88 g,"$1.99
 ea.",,$2.26 /100g,,,,https://www.metro.ca/en/online-grocery/search-page-54
SELECTION,Chocolate Pudding Snacks,4 un,"3 / 
$5.00",,$0.42 /un.,"Regular price
$1.99  ea.","Valid until Feb 7, 2024",https://product-images.metro.ca/images/h8a/h86/10822723272734.jpg,https://www.metro.ca/en/online-grocery/search-page-54
NATREL,"1% Lactose Free Milk, Fine-Filtered",1 L,"$4.59
 ea.",,$0.46 /100ml,,,,https://www.metro.ca/en/online-grocery/search-page-54
SELECTION,Light Mild White Cheddar Cheese,400 g,"$3.97
 ea.",,$0.99 /100g,"Regular price
$6.49  ea.","Valid until Jan 10, 2024",https://product-images.metro.ca/images/h0a/ha9/10526395826206.jpg,https://www.metro.ca/en/online-grocery/search-page-54
DOUBLE FRUIT,Light Strawberry Fruit Spread,500 mL,"$5.99
 ea.",,$1.20 /100ml,"Regular price
$6.49  ea.","Valid until Feb 7, 2024",https://product-images.metro.ca/images/hbd/h6b/11401290973214.jpg,https://www.metro.ca/en/online-grocery/search-page-54
AKI SUSHI,Shrimp Poke Bowl,352 g,"$15.99
 ea.",,$4.54 /100g,,,https://product-images.metro.ca/images/h64/hdf/10823370899486.jpg,https://www.metro.ca/en/online-grocery/search-page-54
RIVIERA,Mild Cheddar Cheese,270 g,"$7.49
 ea.",,$2.77 /100g,,,https://product-images.metro.ca/images/hec/hea/9640186675230.jpg,https://www.metro.ca/en/online-grocery/search-page-54
METROGO!,"Quinoa, Feta And Kale Salad",,"$4.27
 avg. ea.",(165 g avg.),$25.90 /kg$11.75 /lb.,,,https://product-images.metro.ca/images/h5e/hba/11926649569310.jpg,https://www.metro.ca/en/online-grocery/search-page-54
WEIGHT WATCHERS,100% Whole Wheat Sliced Bread,450 g,"$6.09
 ea.",,$1.35 /100g,,,https://product-images.metro.ca/images/h8b/hde/10344200896542.jpg,https://www.metro.ca/en/online-grocery/search-page-54
FONTAINE SANTÉ,Baba Ghanouj Spread,260 g,"2 / 
$7.00",,or $4.99 ea. $1.35 /100g,"Regular price
$5.29  ea.","Valid until Jan 10, 2024",https://product-images.metro.ca/images/hfa/h17/11133615472670.jpg,https://www.metro.ca/en/online-grocery/search-page-54
NESTLÉ,Chocolate Milk Powder Mix With Less Sugar,540 g,"$5.99
 ea.",,$1.11 /100g,"Regular price
$6.79  ea.","Valid until Feb 7, 2024",https://product-images.metro.ca/images/h8a/h81/10118503727134.jpg,https://www.metro.ca/en/online-grocery/search-page-54
KNORR,"Creamy Chicken Fusilli Pasta, Sidekicks",134 g,"3 / 
$7.00",,$1.74 /100g,"Regular price
$2.79  ea.","Valid until Jan 24, 2024",,https://www.metro.ca/en/online-grocery/search-page-54
CLASSICO,"Tomato And Pesto Pasta Sauce, Di Genoa",650 mL,"$5.49
 ea.",,$0.84 /100ml,,,,https://www.metro.ca/en/online-grocery/search-page-55
IÖGO,"1% Raspberry Flavoured Drinkable Yogurt, Nanö",6x93 mL,"$5.79
 ea.",,$1.04 /100ml,,,,https://www.metro.ca/en/online-grocery/search-page-55
NESTLÉ,"Cherry Flavoured Ice Cream, Real Dairy",1.5 L,"$5.99
 ea.",,$0.40 /100ml,"Regular price
$7.99  ea.","Valid until Jan 24, 2024",,https://www.metro.ca/en/online-grocery/search-page-55
SILK,Original Flavour Organic Soy Plant-Based Beverage,1.89 L,"$4.79
 ea.",,$0.25 /100ml,"Regular price
$5.69  ea.","Valid until Feb 14, 2024",https://product-images.metro.ca/images/hc2/hb7/12210167447582.jpg,https://www.metro.ca/en/online-grocery/search-page-55
LA BELLE BRETAGNE,Fine Herbs Flavoured Glazed Country-Style Pâté,150 g,"$4.69
 ea.",,$3.13 /100g,,,https://product-images.metro.ca/images/h13/h4f/11292670591006.jpg,https://www.metro.ca/en/online-grocery/search-page-55
COLGATE,Cavity Protection Toothpaste,95 ml,"$2.19
 ea.",,$2.31 /100ml,,,https://product-images.metro.ca/images/hbd/h9e/11734996680734.jpg,https://www.metro.ca/en/online-grocery/search-page-55
SAN DANIELE,Mortadella,,"$2.99
 / 100 g",,$29.90 /kg$13.56 /lb.,"Regular price
$37.90  / kg","Valid until Jan 10, 2024",https://product-images.metro.ca/images/h70/h13/8823974068254.jpg,https://www.metro.ca/en/online-grocery/search-page-55
OCEAN SPRAY,Jellied Cranberry Sauce,348 mL,"$3.29
 ea.",,$0.95 /100ml,,,https://product-images.metro.ca/images/hd3/hd6/9883010301982.jpg,https://www.metro.ca/en/online-grocery/search-page-55
PEPSI,"Diet Soft Drink, Mini",6x222 mL,"2 / 
$8.00",,$0.30 /100ml,"Regular price
$4.99  ea.","Valid until Jan 24, 2024",,https://www.metro.ca/en/online-grocery/search-page-55
PREMIÈRE MOISSON,Butter Raisin Danishes,4x90 g,"$6.99
 ea.",,$1.94 /100g,,,https://product-images.metro.ca/images/h2d/ha3/10263432560670.jpg,https://www.metro.ca/en/online-grocery/search-page-55
SELECTION,Lemon Meringue Pie,617 g,"$8.49
 ea.",,$1.38 /100g,,,https://product-images.metro.ca/images/h3f/hd1/11612599287838.jpg,https://www.metro.ca/en/online-grocery/search-page-55
SELECTION,Poutine Sauce,398 mL,"$2.19
 ea.",,$0.55 /100ml,,,https://product-images.metro.ca/images/h28/h6a/11198067769374.jpg,https://www.metro.ca/en/online-grocery/search-page-55
HALLS,Honey Lemon Flavoured Cough Drops,9 drops,"$1.89
 ea.",,$1.89 /un.,,,https://product-images.metro.ca/images/h29/h1f/11627083005982.jpg,https://www.metro.ca/en/online-grocery/search-page-55
NESTEA,Lemon Flavoured Iced Tea,1.75 L,"$4.19
 ea.",,$0.24 /100ml,,,https://product-images.metro.ca/images/h02/h56/10495642304542.jpg,https://www.metro.ca/en/online-grocery/search-page-55
SELECTION,Tomato Sauce,680 mL,"$2.79
 ea.",,$0.41 /100ml,,,https://product-images.metro.ca/images/h72/h34/11521171685406.jpg,https://www.metro.ca/en/online-grocery/search-page-55
SELECTION,Seasoned Petite Cut Stewed Tomatoes,540 mL,"$1.99
 ea.",,$0.37 /100ml,"Regular price
$2.19  ea.","Valid until Jan 24, 2024",https://product-images.metro.ca/images/hfe/h50/9719554867230.jpg,https://www.metro.ca/en/online-grocery/search-page-55
DOLE,Fruit Salad Cups With Exta Cherries,4x107 mL,"$4.49
 ea.",,$1.05 /100ml,,,https://product-images.metro.ca/images/hfc/hd8/11477813297182.jpg,https://www.metro.ca/en/online-grocery/search-page-55
HEINZ,Tomato Juice,6x156 mL,"$8.99
 ea.",,$0.96 /100ml,,,https://product-images.metro.ca/images/h19/h2d/9986739306526.jpg,https://www.metro.ca/en/online-grocery/search-page-55
BABYBEL,Lactose Free Mini Light Cheeses,6x20 g,"$3.79
 ea.",,$3.16 /100g,"Regular price
$5.29  ea.","Valid until Jan 10, 2024",https://product-images.metro.ca/images/h0b/ha6/9532970500126.jpg,https://www.metro.ca/en/online-grocery/search-page-55
BAGELWICH,Sliced Montreal Style Bagelwich Bread,420 g,"$5.79
 ea.",,$1.38 /100g,,,https://product-images.metro.ca/images/ha0/h43/10109090070558.jpg,https://www.metro.ca/en/online-grocery/search-page-55
SCHWEPPES,Tonic Water,12x355 mL,"$6.98
 ea.",,$0.16 /100ml,"Regular price
$7.99  ea.","Valid until Jan 10, 2024",https://product-images.metro.ca/images/hc9/hac/10803997900830.jpg,https://www.metro.ca/en/online-grocery/search-page-55
BONNE MAMAN,Raspberry Jam,250 mL,"$7.49
 ea.",,$3.00 /100ml,,,https://product-images.metro.ca/images/h25/hfd/9529969770526.jpg,https://www.metro.ca/en/online-grocery/search-page-55
SELECTION,Ready To Use Fat-Free Vegetable Broth,900 mL,"$2.00
 ea.",,$0.22 /100ml,"Regular price
$2.29  ea.","Valid until Jan 24, 2024",https://product-images.metro.ca/images/h76/h86/8855004020766.jpg,https://www.metro.ca/en/online-grocery/search-page-55
AURORA,"Diced Tomatoes, Pezzetoni",398 mL,"$2.19
 ea.",,$0.55 /100ml,,,,https://www.metro.ca/en/online-grocery/search-page-55
OASIS,Ruby Red Grapefruit Juice,960 mL,"$2.39
 ea.",,$0.25 /100ml,,,https://product-images.metro.ca/images/h79/hf1/11730391400478.jpg,https://www.metro.ca/en/online-grocery/search-page-55
TRUDEAU,Shanghai Bok Choy,1 un,"$4.99
 ea.",,$4.99 /un.,,,https://product-images.metro.ca/images/hd9/h4c/8858876477470.jpg,https://www.metro.ca/en/online-grocery/search-page-55
SELECTION,Cut Green Beans,398 mL,"$2.29
 ea.",,$0.58 /100ml,,,https://product-images.metro.ca/images/hf2/h94/9518879146014.jpg,https://www.metro.ca/en/online-grocery/search-page-55
BAKER'S SELECTION,"Brownies Bites, Moist & Fudgy",608 g,"$9.49
 ea.",,$1.56 /100g,,,,https://www.metro.ca/en/online-grocery/search-page-55
ZIPLOC,Large Freezer Bags,28 un,"$8.99
 ea.",,$0.32 /un.,,,https://product-images.metro.ca/images/h3a/h6d/11665309958174.jpg,https://www.metro.ca/en/online-grocery/search-page-55
METROGO!,Cantaloupe Chunks,Small,"$1.99
 ea.",,$0.61 /100g,,,https://product-images.metro.ca/images/hfc/h3b/8837148147742.jpg,https://www.metro.ca/en/online-grocery/search-page-55
PILLSBURY,"Flaky Apple Turnovers Preparation With Dough, Fillin...",383 g,"$4.29
 ea.",,$1.12 /100g,"Regular price
$5.29  ea.","Valid until Feb 14, 2024",,https://www.metro.ca/en/online-grocery/search-page-56
UNICO,Sliced Ripe Olives,200 mL,"$1.99
 ea.",,$1.00 /100ml,"Regular price
$2.29  ea.","Valid until Jan 24, 2024",https://product-images.metro.ca/images/h47/h7f/11133628645406.jpg,https://www.metro.ca/en/online-grocery/search-page-56
KRAFT,Balsamic Vinaigrette Dressing & Marinade,475 mL,"$4.49
 ea.",,$0.95 /100ml,,,https://product-images.metro.ca/images/h33/hf8/9986862776350.jpg,https://www.metro.ca/en/online-grocery/search-page-56
,Inside Round Pear Roast,,"$13.55
 avg. ea.",,$27.09 /kg$12.29 /lb.,,,https://product-images.metro.ca/images/hb2/ha5/8886623862814.jpg,https://www.metro.ca/en/online-grocery/search-page-56
LIQUID-PLUMR,"Pro-Strengh Drain Cleaner, Clog Destroyer",900 ml,"$7.99
 ea.",,$0.89 /100ml,,,,https://www.metro.ca/en/online-grocery/search-page-56
DR. OETKER,"Lemon Pie Filling And Dessert Mix, Shirriff",212 g,"$2.49
 ea.",,$1.17 /100g,,,,https://www.metro.ca/en/online-grocery/search-page-56
VACHON,Original Brownie Cakes,6 un - 252 g,"3 / 
$10.97",,or $4.99 ea. $0.61 /un.,"Regular price
$5.29  ea.","Valid until Jan 10, 2024",https://product-images.metro.ca/images/h24/h1b/10893961232414.jpg,https://www.metro.ca/en/online-grocery/search-page-56
UNISOYA,Organic Regular Tofu,454 g,"$4.99
 ea.",,$1.10 /100g,,,https://product-images.metro.ca/images/h52/h37/10946112323614.jpg,https://www.metro.ca/en/online-grocery/search-page-56
ST-HUBERT,Tourtiere,235 g,"$5.29
 ea.",,$2.25 /100g,,,https://product-images.metro.ca/images/h98/h6a/11860684734494.jpg,https://www.metro.ca/en/online-grocery/search-page-56
MR. NOODLES,Beef Flavour Instant Noodles,85 g,"2 / 
$1.00",,$0.59 /100g,"Regular price
$0.75  ea.","Valid until Jan 24, 2024",https://product-images.metro.ca/images/h26/h59/8845441892382.jpg,https://www.metro.ca/en/online-grocery/search-page-56
NATURE VALLEY,"Roasted Almond Crunchy Granola Bars, Crunchy",10 bars,"2 / 
$6.00",,or $3.99 ea. $1.30 /100g,,"Valid until Feb 7, 2024",,https://www.metro.ca/en/online-grocery/search-page-56
FONTAINE SANTÉ,Tabbouleh Parsley Salad,350 g,"$6.49
 ea.",,$1.85 /100g,"Regular price
$6.99  ea.","Valid until Jan 17, 2024",https://product-images.metro.ca/images/h63/hdf/12191649136670.jpg,https://www.metro.ca/en/online-grocery/search-page-56
SELECTION,Large Freezer Bags,15 un,"$2.49
 ea.",,$0.17 /un.,"Regular price
$3.49  ea.","Valid until Feb 7, 2024",https://product-images.metro.ca/images/hbc/h9e/11521003552798.jpg,https://www.metro.ca/en/online-grocery/search-page-56
CATELLI,"Thick And Smooth Fine Herbs Pasta Sauce, Garden Select",640 mL,"$2.99
 ea.",,$0.47 /100ml,"Regular price
$3.99  ea.","Valid until Jan 24, 2024",,https://www.metro.ca/en/online-grocery/search-page-56
NATREL,"3.25% Lactose Free Milk, Fine-Filtered",2 L,"$5.99
 ea.",,$0.30 /100ml,"Regular price
$6.99  ea.","Valid until Jan 10, 2024",,https://www.metro.ca/en/online-grocery/search-page-56
POST,"Natural Whole Grain Wheat Cereal, Shredded Wheat",425 g,"$5.79
 ea.",,$1.36 /100g,,,,https://www.metro.ca/en/online-grocery/search-page-56
WALLAROO TRAIL,"Australian White Wine, BIN 313",1 L,"$13.99
 ea.",,$1.40 /100ml,"Regular price
$15.69  ea.","Valid until Feb 7, 2024",,https://www.metro.ca/en/online-grocery/search-page-56
ACTIVIA,"2.8% Probiotic Yogurts With Cereals Variety Pack, So...",12x100 g,"$8.69
 ea.",,$0.72 /100g,,,,https://www.metro.ca/en/online-grocery/search-page-56
PREMIÈRE MOISSON,Sliced Cooked White Ham,175 g,"$7.99
 ea.",,$4.57 /100g,"Regular price
$8.49  ea.","Valid until Jan 17, 2024",https://product-images.metro.ca/images/h25/h9a/11025128456222.jpg,https://www.metro.ca/en/online-grocery/search-page-56
IRRESISTIBLES,Frozen Profiteroles,Approx. 32 un - 400 g,"$9.99
 ea.",,$2.50 /100g,"Regular price
$11.99  ea.","Valid until Jan 10, 2024",https://product-images.metro.ca/images/hd6/hf6/8861777625118.jpg,https://www.metro.ca/en/online-grocery/search-page-56
PRIMO,No Salt Added Crushed Tomatoes,796 mL,"$2.49
 ea.",,$0.31 /100ml,"Regular price
$3.19  ea.","Valid until Jan 24, 2024",https://product-images.metro.ca/images/hb0/h15/11117357957150.jpg,https://www.metro.ca/en/online-grocery/search-page-56
METROGO!,Ham And Cheese Kaiser,,"$5.99
 ea.",,$3.42 /100g,,,https://product-images.metro.ca/images/ha0/h7e/11926670508062.jpg,https://www.metro.ca/en/online-grocery/search-page-56
ALLEN'S,Pure White Vinegar,4 L,"$4.99
 ea.",,$0.12 /100ml,,,https://product-images.metro.ca/images/hde/h79/8960750616606.jpg,https://www.metro.ca/en/online-grocery/search-page-56
HEINZ,Worcestershire Sauce,355 mL,"$3.49
 ea.",,$0.98 /100ml,"Regular price
$3.99  ea.","Valid until Jan 24, 2024",https://product-images.metro.ca/images/h3c/hf2/9986921168926.jpg,https://www.metro.ca/en/online-grocery/search-page-56
WALLAROO TRAIL,"Australian Red Wine, BIN 212",1 L,"$13.99
 ea.",,$1.40 /100ml,"Regular price
$15.69  ea.","Valid until Feb 7, 2024",,https://www.metro.ca/en/online-grocery/search-page-56
QUAKER,"Butter Popcorn Flavoured Brown Rice Chips, Crispy Minis",100 g,"$3.99
 ea.",,$3.99 /100g,,,,https://www.metro.ca/en/online-grocery/search-page-56
IRRESISTIBLES,Shredded Parmesan Cheese,226 g,"$5.99
 ea.",,$2.65 /100g,"Regular price
$7.79  ea.","Valid until Feb 14, 2024",https://product-images.metro.ca/images/hd7/h78/9519584149534.jpg,https://www.metro.ca/en/online-grocery/search-page-56
ST-HUBERT,3 Peppercorn Gravy Mix,30 g,"3 / 
$5.00",,$5.56 /100g,"Regular price
$2.39  ea.","Valid until Jan 10, 2024",https://product-images.metro.ca/images/he3/h50/10170582597662.jpg,https://www.metro.ca/en/online-grocery/search-page-56
SELECTION,Frozen Julienne Cut French Fries,1 kg,"$2.99
 ea.",,$0.30 /100g,"Regular price
$3.69  ea.","Valid until Feb 14, 2024",https://product-images.metro.ca/images/hee/h16/11947707039774.jpg,https://www.metro.ca/en/online-grocery/search-page-56
IRRESISTIBLES,"Frozen Thin Crust Chorizo Pizza With Raised Edge, La...",388 g,"$5.49
 ea.",,$1.41 /100g,,,,https://www.metro.ca/en/online-grocery/search-page-56
HABITANT,Pea Soup With Garden Vegetables,796 mL,"$3.99
 ea.",,$0.50 /100ml,,,https://product-images.metro.ca/images/h4a/h4e/9726088773662.jpg,https://www.metro.ca/en/online-grocery/search-page-57
GENERAL MILLS,"Multi-Grain Cereal Value Pack, Cheerios",585 g,"$8.99
 ea.",,$1.54 /100g,,,,https://www.metro.ca/en/online-grocery/search-page-57
CARR'S,Original Table Water® Crackers,125 g,"$3.99
 ea.",,$3.19 /100g,,,https://product-images.metro.ca/images/ha3/hb3/9680443441182.jpg,https://www.metro.ca/en/online-grocery/search-page-57
IRRESISTIBLES,Blueberry Cranberry Muffins,"4 muffins, 400 g","$6.49
 ea.",,$1.62 /100g,,"Valid until Jan 10, 2024",https://product-images.metro.ca/images/h24/hde/10475419861022.jpg,https://www.metro.ca/en/online-grocery/search-page-57
SELECTION,Bread Crumbs,425 g,"$2.49
 ea.",,$0.59 /100g,,,https://product-images.metro.ca/images/h5a/h77/11520997949470.jpg,https://www.metro.ca/en/online-grocery/search-page-57
,Brussels Sprouts,,"$1.10
 / 100 g",,$11.00 /kg$4.99 /lb.,,,https://product-images.metro.ca/images/h90/h31/11058537758750.jpg,https://www.metro.ca/en/online-grocery/search-page-57
PEPSI,Soft Drink,591 mL,"2 / 
$5.00",,$0.42 /100ml,"Regular price
$2.99  ea.","Valid until Jan 24, 2024",https://product-images.metro.ca/images/h4e/h0b/10044996681758.jpg,https://www.metro.ca/en/online-grocery/search-page-57
MONTELLIER,Lime Flavoured Carbonated Natural Spring Water,1 L,"$1.49
 ea.",,$0.15 /100L,,,https://product-images.metro.ca/images/ha3/h04/11535837167646.jpg,https://www.metro.ca/en/online-grocery/search-page-57
DOLE,Crushed Pineapple In Pineapple Juice,398 mL,"$2.99
 ea.",,$0.75 /100ml,,,https://product-images.metro.ca/images/h41/h0b/10433066991646.jpg,https://www.metro.ca/en/online-grocery/search-page-57
PRINGLES,Salt And Vinegar Flavoured Chips,156 g,"$3.99
 ea.",,$2.56 /100g,,,https://product-images.metro.ca/images/h11/hb8/10250270998558.jpg,https://www.metro.ca/en/online-grocery/search-page-57
CLOVER LEAF,Crab Flavoured Flaked Pollock Mix,227 g,"$4.99
 ea.",,$2.20 /100g,"Regular price
$5.49  ea.","Valid until Jan 17, 2024",https://product-images.metro.ca/images/hf4/hb9/11274307928094.jpg,https://www.metro.ca/en/online-grocery/search-page-57
SELECTION,Paprika,30 g,"$2.99
 ea.",,$3.15 /100g,,,https://product-images.metro.ca/images/h9c/hc9/9020167618590.jpg,https://www.metro.ca/en/online-grocery/search-page-57
CATELLI,"Oven-Ready Lasagna Pasta, Express",375 g,"$3.79
 ea.",,$1.01 /100g,"Regular price
$4.69  ea.","Valid until Jan 24, 2024",,https://www.metro.ca/en/online-grocery/search-page-57
,Pork Leg Cutlets,3 cutlets per tray,"$5.45
 avg. ea.",(275 g avg.),$19.82 /kg$8.99 /lb.,,,https://product-images.metro.ca/images/h7f/h34/8912741105694.jpg,https://www.metro.ca/en/online-grocery/search-page-57
IRRESISTIBLES,Avalanche Of Choco-Mint Delight Ice Cream,1.5 L,"$5.49
 ea.",,$0.37 /100ml,"Regular price
$7.29  ea.","Valid until Jan 10, 2024",https://product-images.metro.ca/images/h20/hff/9963290066974.jpg,https://www.metro.ca/en/online-grocery/search-page-57
METROGO!,Spaghetti With Meat Sauce,,"$6.41
 avg. ea.",(280 g avg.),$22.90 /kg$10.39 /lb.,,,https://product-images.metro.ca/images/he8/h93/11926674243614.jpg,https://www.metro.ca/en/online-grocery/search-page-57
LECLERC,Butter Cookies Topped With Milk Chocolate Caramel Tr...,240 g,"$4.49
 ea.",,$1.87 /100g,,,,https://www.metro.ca/en/online-grocery/search-page-57
IRRESISTIBLES,"Deep Dish Apple Pie, Artisan",454 g,"$6.29
 ea.",,$1.39 /100g,,,,https://www.metro.ca/en/online-grocery/search-page-57
KELLOGG'S,"Almond Raisin Cereal, Müslix",450 g,"$4.49
 ea.",,$1.00 /100g,"Regular price
$5.99  ea.","Valid until Jan 10, 2024",,https://www.metro.ca/en/online-grocery/search-page-57
BÙ,French White Wine,750 mL,"$17.29
 ea.",,$2.31 /100ml,,,https://product-images.metro.ca/images/h65/h3f/10399680233502.jpg,https://www.metro.ca/en/online-grocery/search-page-57
SELECTION,Ground Cinnamon,113 g,"$2.99
 ea.",,$2.65 /100g,,,https://product-images.metro.ca/images/had/hde/9020164145182.jpg,https://www.metro.ca/en/online-grocery/search-page-57
SMARTFOOD,Sweet And Salty Popcorn,220 g,"2 / 
$7.50",,$1.70 /100g,"Regular price
$4.99  ea.","Valid until Jan 10, 2024",https://product-images.metro.ca/images/h20/hd9/11073262583838.jpg,https://www.metro.ca/en/online-grocery/search-page-57
THE DELI-SHOP,Toupie Style Smoked Quarter Ham,,"$15.85
 avg. ea.","(1,200 g avg.)",$13.21 /kg$5.99 /lb.,"Regular price
$14.31  avg. kg","Valid until Jan 17, 2024",https://product-images.metro.ca/images/h76/h1d/8893414473758.jpg,https://www.metro.ca/en/online-grocery/search-page-57
GRISSOL,"Sea Salt Toasted Snack Bread, Baguettes",120 g,"$1.99
 ea.",,$1.66 /100g,"Regular price
$4.29  ea.","Valid until Jan 10, 2024",,https://www.metro.ca/en/online-grocery/search-page-57
IRRESISTIBLES,Grated Parmesan Cheese,250 g,"$8.29
 ea.",,$3.32 /100g,,,https://product-images.metro.ca/images/hfb/h71/9651672252446.jpg,https://www.metro.ca/en/online-grocery/search-page-57
LECLERC,"Oatmeal Cookies With Real Milk Chocolate, Célébration",240 g,"$4.49
 ea.",,$1.87 /100g,,,,https://www.metro.ca/en/online-grocery/search-page-57
MAILLE,Originale Dijon Mustard,200 mL,"$4.99
 ea.",,$2.50 /100ml,"Regular price
$5.79  ea.","Valid until Jan 10, 2024",https://product-images.metro.ca/images/h3d/hea/9514920312862.jpg,https://www.metro.ca/en/online-grocery/search-page-57
OLD EL PASO,Fajita Dinner Kit,400 g,"$6.99
 ea.",,$1.75 /100g,,,https://product-images.metro.ca/images/hc3/h26/12354359230494.jpg,https://www.metro.ca/en/online-grocery/search-page-57
IÖGO,"1% Banana Flavoured Drinkable Yogurt, Nanö",6x93 mL,"$5.79
 ea.",,$1.04 /100ml,,,,https://www.metro.ca/en/online-grocery/search-page-57
FLEISCHMANN'S,Instant Yeast,3x8 g,"$2.79
 ea.",,$11.63 /100g,,,https://product-images.metro.ca/images/h41/h4e/11188443349022.jpg,https://www.metro.ca/en/online-grocery/search-page-57
RED ROSE,Orange Pekoe Tea,72 un,"$5.99
 ea.",,$0.08 /un.,,,https://product-images.metro.ca/images/he5/h07/10539691081758.jpg,https://www.metro.ca/en/online-grocery/search-page-58
AGROPUR SIGNATURE,L'Extra™ Brie Cheese,1 piece,"$8.98
 avg. ea.",(180 g avg.),$49.90 /kg$22.63 /lb.,,,https://product-images.metro.ca/images/h3f/h7d/8886704111646.jpg,https://www.metro.ca/en/online-grocery/search-page-58
SELECTION,Dark Chocolate Chips,250 g,"$3.49
 ea.",,$1.40 /100g,"Regular price
$3.99  ea.","Valid until Feb 7, 2024",https://www.metro.ca/images/shared/placeholders/icon-no-picture.svg?v=2023.71.1.d1,https://www.metro.ca/en/online-grocery/search-page-58
ROYAL NUTS,Unsalted Dry Roasted Deluxe Mixed Nuts,325 g,"$11.99
 ea.",,$3.69 /100g,"Regular price
$12.99  ea.","Valid until Jan 10, 2024",https://product-images.metro.ca/images/h0b/h60/11849325576222.jpg,https://www.metro.ca/en/online-grocery/search-page-58
BERTOLLI,"Organic Extra Virgin Olive Oil, Rich Taste",750 mL,"$19.99
 ea.",,$2.67 /100ml,,,,https://www.metro.ca/en/online-grocery/search-page-58
DARE,"Original Crackers Baked With 8 Grains And Seeds, Vinta",200 g,"$1.99
 ea.",,$1.00 /100g,"Regular price
$4.29  ea.","Valid until Jan 10, 2024",,https://www.metro.ca/en/online-grocery/search-page-58
PREMIÈRE MOISSON,Multigrain Round Loaf,500 g,"2 / 
$10.00",,or $5.79 ea. $1.00 /100g,,"Valid until Jan 17, 2024",https://product-images.metro.ca/images/h71/h27/11541048262686.jpg,https://www.metro.ca/en/online-grocery/search-page-58
IRRESISTIBLES,Amber Maple Syrup,375 mL,"$7.99
 ea.",,$2.13 /100ml,,,https://product-images.metro.ca/images/hdf/h6f/11521127383070.jpg,https://www.metro.ca/en/online-grocery/search-page-58
DIET COKE,Diet Soft Drinks,12x355 mL,"$6.98
 ea.",,$0.16 /100ml,"Regular price
$7.99  ea.","Valid until Jan 10, 2024",https://product-images.metro.ca/images/h2b/h51/10495740674078.jpg,https://www.metro.ca/en/online-grocery/search-page-58
ACTIVIA,2.9% Vanilla Flavoured Lactose-Free Probiotic Yogurt,650 g,"2 / 
$7.50",,or $5.49 ea. $0.58 /100g,,"Valid until Feb 14, 2024",https://product-images.metro.ca/images/h7b/h15/11627057348638.jpg,https://www.metro.ca/en/online-grocery/search-page-58
CATELLI,"Spaghettini, Smart",375 g,"$3.99
 ea.",,$1.06 /100g,,,,https://www.metro.ca/en/online-grocery/search-page-58
IRRESISTIBLES,Margarine With Olive Oil,907 g,"$6.79
 ea.",,$0.75 /100g,,,https://product-images.metro.ca/images/h4e/hf9/10319448047646.jpg,https://www.metro.ca/en/online-grocery/search-page-58
METROGO!,Smoked Turkey And Cheese Kaiser,,"$5.99
 ea.",,$3.42 /100g,,,https://product-images.metro.ca/images/hc1/he2/11926679355422.jpg,https://www.metro.ca/en/online-grocery/search-page-58
COATICOOK,Double Chocolate Flavoured Old-Fashioned Ice Cream,2 L,"$5.99
 ea.",,$0.30 /100ml,,,https://product-images.metro.ca/images/h8d/h3b/11477789442078.jpg,https://www.metro.ca/en/online-grocery/search-page-58
POM,Homemade Sliced White Bread,675 g,"$4.49
 ea.",,$0.67 /100g,,,https://product-images.metro.ca/images/h19/h65/11374835204126.jpg,https://www.metro.ca/en/online-grocery/search-page-58
MOISHES,Creamy Coleslaw,454 g,"$4.99
 ea.",,$1.10 /100g,,,https://product-images.metro.ca/images/hf0/h42/11574114025502.jpg,https://www.metro.ca/en/online-grocery/search-page-58
TOSTITOS,Low Sodium Round Tortilla Chips,295 g,"2 / 
$8.50",,or $4.99 ea. $1.44 /100g,,"Valid until Jan 24, 2024",https://product-images.metro.ca/images/h6d/hee/12234944413726.jpg,https://www.metro.ca/en/online-grocery/search-page-58
PEEK FREANS,"Blueberry Brown Sugar Biscuits With Flax, LifeStyle",290 g,"$3.79
 ea.",,$1.31 /100g,"Regular price
$4.99  ea.","Valid until Jan 24, 2024",,https://www.metro.ca/en/online-grocery/search-page-58
CLASSICO,"Bolognese Pasta Sauce, Di Bologna",650 mL,"$5.49
 ea.",,$0.84 /100ml,,,,https://www.metro.ca/en/online-grocery/search-page-58
KNORR,"Tomato Alfredo Pasta, Sidekicks",150 g,"3 / 
$7.00",,$1.56 /100g,"Regular price
$2.79  ea.","Valid until Jan 24, 2024",,https://www.metro.ca/en/online-grocery/search-page-58
SELECTION,Grated Parmesan Cheese,250 g,"$8.29
 ea.",,$3.32 /100g,,,https://product-images.metro.ca/images/hca/h9d/9651673169950.jpg,https://www.metro.ca/en/online-grocery/search-page-58
,Bag Of Radishes,454 g,"$2.99
 ea.",,$0.66 /100g,,,https://product-images.metro.ca/images/h74/h3b/11477864841246.jpg,https://www.metro.ca/en/online-grocery/search-page-58
GLAD,Small Compostable Bags,44 un,"$12.99
 ea.",,$0.30 /un.,,,https://product-images.metro.ca/images/h73/h77/9992179941406.jpg,https://www.metro.ca/en/online-grocery/search-page-58
KRAFT,Macaroni Pasta Salad Mix,200 g,"$2.99
 ea.",,$1.50 /100g,,,https://product-images.metro.ca/images/h56/h3e/9987020095518.jpg,https://www.metro.ca/en/online-grocery/search-page-58
RIVIERA,2.8% Vanilla Flavoured Probiotic Set-Style Yogurt Va...,4x120 g,"$6.29
 ea.",,$1.31 /100g,,,,https://www.metro.ca/en/online-grocery/search-page-58
IÖGO,0% Citrus Flavoured Yogurt Variety Pack,16x100 g,"$8.79
 ea.",,$0.55 /100g,,,https://product-images.metro.ca/images/h93/h14/11161687457822.jpg,https://www.metro.ca/en/online-grocery/search-page-58
IRRESISTIBLES,Dijon Mustard,500 mL,"$4.99
 ea.",,$1.00 /100ml,,,https://product-images.metro.ca/images/h6b/ha7/9481659940894.jpg,https://www.metro.ca/en/online-grocery/search-page-58
IRRESISTIBLES,Frozen Vegetable Spring Rolls,300 g,"$6.99
 ea.",,$2.33 /100g,,,https://product-images.metro.ca/images/hb3/h62/8823282204702.jpg,https://www.metro.ca/en/online-grocery/search-page-58
PEPPERIDGE FARM,"Cheddar Flavoured Coloured Baked Crackers, Goldfish",180 g,"$3.49
 ea.",,$1.94 /100g,"Regular price
$4.19  ea.","Valid until Jan 10, 2024",,https://www.metro.ca/en/online-grocery/search-page-58
YOPLAIT,0% Berries And Nectarine Flavoured Yogurt Variety Pa...,16x100 g,"$6.99
 ea.",,$0.44 /100g,"Regular price
$8.79  ea.","Valid until Feb 14, 2024",,https://www.metro.ca/en/online-grocery/search-page-58
DERLEA,Minced Garlic,125 g,"$2.99
 ea.",,$2.39 /100g,,,https://product-images.metro.ca/images/hbd/h8b/11257091293214.jpg,https://www.metro.ca/en/online-grocery/search-page-59
SELECTION,Red Plastic Cups,50x480 mL,"$5.39
 ea.",,$0.11 /un.,,,https://product-images.metro.ca/images/hd4/h8e/9944334467102.jpg,https://www.metro.ca/en/online-grocery/search-page-59
OLYMEL,Garlic Bologna,,"$1.99
 / 100 g",,$19.90 /kg$9.03 /lb.,,,https://product-images.metro.ca/images/h4a/hbf/9742318567454.jpg,https://www.metro.ca/en/online-grocery/search-page-59
ALIMENTS PASTA-MER,Frozen Seafood Shell,275 g,"$8.00
 ea.",,$2.91 /100g,,,https://product-images.metro.ca/images/h26/h05/10547113590814.jpg,https://www.metro.ca/en/online-grocery/search-page-59
KELLOGG'S,"Brown Sugar Flavoured Cereal, Mini-Wheats",510 g,"$4.49
 ea.",,$0.88 /100g,"Regular price
$6.99  ea.","Valid until Jan 10, 2024",,https://www.metro.ca/en/online-grocery/search-page-59
SELECTION,Condensed Chicken Broth,284 mL,"2 / 
$2.22",,$0.39 /100ml,"Regular price
$2.29  ea.","Valid until Jan 24, 2024",https://product-images.metro.ca/images/hc3/h28/10443204263966.jpg,https://www.metro.ca/en/online-grocery/search-page-59
WONG WING,Frozen Chicken Egg Rolls,"10 rolls, 680 g","$8.99
 ea.",,$1.32 /100g,,,https://product-images.metro.ca/images/haa/h6e/9999254978590.jpg,https://www.metro.ca/en/online-grocery/search-page-59
SELECTION,Tapioca Pudding Snacks,4 un,"3 / 
$5.00",,$0.42 /un.,"Regular price
$1.99  ea.","Valid until Feb 7, 2024",https://product-images.metro.ca/images/h92/h32/10822728712222.jpg,https://www.metro.ca/en/online-grocery/search-page-59
,Pork Loin Centre Chops Fast Fry,4 chops per tray,"$7.75
 avg. ea.",(400 g avg.),$19.38 /kg$8.79 /lb.,,,https://product-images.metro.ca/images/h84/hd7/11868092530718.jpg,https://www.metro.ca/en/online-grocery/search-page-59
PARIS TOASTS,Mini Toasts,80 g,"$3.29
 ea.",,$4.11 /100g,"Regular price
$3.49  ea.","Valid until Jan 17, 2024",https://product-images.metro.ca/images/h64/h9e/11860664582174.jpg,https://www.metro.ca/en/online-grocery/search-page-59
LIBERTÉ,"2% Black Cherry Yogurt, Greek",4x100 g,"$4.99
 ea.",,$1.25 /100g,,,,https://www.metro.ca/en/online-grocery/search-page-59
COATICOOK,Chocolate Flavoured Old-Fashioned Ice Cream,2 L,"$5.99
 ea.",,$0.30 /100ml,,,https://product-images.metro.ca/images/h73/h14/11477878603806.jpg,https://www.metro.ca/en/online-grocery/search-page-59
,Medium Ground Pork,A tray contains on average 450 g,"$5.45
 / 450 g",,$12.10 /kg$5.49 /lb.,,,https://product-images.metro.ca/images/h53/h81/8886623240222.jpg,https://www.metro.ca/en/online-grocery/search-page-59
CLASSICO,"Florentine Spinach And Cheese Pasta Sauce, Di Firenze",650 mL,"$5.49
 ea.",,$0.84 /100ml,,,,https://www.metro.ca/en/online-grocery/search-page-59
SEALTEST,1% Cottage Cheese,250 g,"$3.79
 ea.",,$1.52 /100g,,,https://product-images.metro.ca/images/hfd/h2d/11477821161502.jpg,https://www.metro.ca/en/online-grocery/search-page-59
LINDT,"85% Cacao Dark Chocolate Bar, Excellence",100 g,"$5.29
 ea.",,$5.29 /100g,,"Valid until Jan 10, 2024",,https://www.metro.ca/en/online-grocery/search-page-59
V8,"Smooth And Seasoned Vegetable Cocktail, V-Go",6x156 mL,"2 / 
$7.00",,$0.37 /100ml,"Regular price
$4.49  ea.","Valid until Jan 10, 2024",,https://www.metro.ca/en/online-grocery/search-page-59
LESTERS,"Jumbo Wieners, Alouettes",450 g,"$5.99
 ea.",,$1.33 /100g,,,,https://www.metro.ca/en/online-grocery/search-page-59
TRE STELLE,Bocconcini Cheese,200 g,"$6.99
 ea.",,$3.50 /100g,"Regular price
$7.79  ea.","Valid until Jan 17, 2024",https://product-images.metro.ca/images/h53/hce/10821287575582.jpg,https://www.metro.ca/en/online-grocery/search-page-59
QUÉBON,"10% Coffee Cream, Ultra'Cream",237 mL,"$2.49
 ea.",,$1.05 /100ml,,,,https://www.metro.ca/en/online-grocery/search-page-59
COLGATE,Winterfresh Cavity Protection Toothpaste,95 ml,"$2.19
 ea.",,$2.31 /100ml,,,https://product-images.metro.ca/images/h0d/h8f/9518036549662.jpg,https://www.metro.ca/en/online-grocery/search-page-59
PREMIÈRE MOISSON,100% Butter Croissants,4x60 g,"$6.49
 ea.",,$2.70 /100g,"Regular price
$6.99  ea.","Valid until Jan 17, 2024",https://product-images.metro.ca/images/hb4/h98/10263430987806.jpg,https://www.metro.ca/en/online-grocery/search-page-59
,Calabrese Buns,4x115 g,"$3.99
 ea.",,$3.47 /100g,"Regular price
$4.29  ea.","Valid until Jan 10, 2024",https://product-images.metro.ca/images/hba/hf5/8861407871006.jpg,https://www.metro.ca/en/online-grocery/search-page-59
COATICOOK,Strawberry Flavoured Old-Fashioned Ice Cream,2 L,"$5.99
 ea.",,$0.30 /100ml,,,https://product-images.metro.ca/images/h93/he8/11477800255518.jpg,https://www.metro.ca/en/online-grocery/search-page-59
EARTH'S OWN,"Vanilla Flavoured Fortified Almond Beverage, So Fresh",1.89 L,"$4.79
 ea.",,$0.25 /100ml,,,,https://www.metro.ca/en/online-grocery/search-page-59
OLYMEL,Shaved Old Fashioned Smoked Ham,175 g,"$7.49
 ea.",,$4.28 /100g,,,https://product-images.metro.ca/images/hb5/h28/9742300839966.jpg,https://www.metro.ca/en/online-grocery/search-page-59
KNORR,"Liquid Beef Bouillon, Bovril",500 mL,"$7.49
 ea.",,$1.50 /100ml,"Regular price
$8.99  ea.","Valid until Jan 24, 2024",,https://www.metro.ca/en/online-grocery/search-page-59
LACTANTIA,"Plant-Based Oils Margarine, Olivina",850 g,"$7.29
 ea.",,$0.86 /100g,,,,https://www.metro.ca/en/online-grocery/search-page-59
HELLMANN'S,Reduced Fat Light Mayonnaise Type Dressing With Oliv...,890 mL,"$6.99
 ea.",,$0.79 /100ml,"Regular price
$8.49  ea.","Valid until Jan 24, 2024",,https://www.metro.ca/en/online-grocery/search-page-59
GADOUA,"Whole Wheat Thick-Sliced Bread, Moelleux",675 g,"$4.99
 ea.",,$0.74 /100g,,,,https://www.metro.ca/en/online-grocery/search-page-59
LA CAGE,Frozen 911 Chicken Wings,550 g,"$8.99
 ea.",,$1.63 /100g,"Regular price
$15.99  ea.","Valid until Jan 10, 2024",https://product-images.metro.ca/images/hb9/h5f/9532884090910.jpg,https://www.metro.ca/en/online-grocery/search-page-60
SCHWEPPES,Tonic Water,6x222 mL,"2 / 
$8.00",,$0.30 /100ml,"Regular price
$4.99  ea.","Valid until Jan 24, 2024",https://product-images.metro.ca/images/h15/h1c/9711263449118.jpg,https://www.metro.ca/en/online-grocery/search-page-60
HÄAGEN-DAZS,Caramel Almond Crunch Flavoured Ice Cream Bars,3x88 mL,"$4.99
 ea.",,$1.89 /100ml,"Regular price
$6.69  ea.","Valid until Jan 24, 2024",https://product-images.metro.ca/images/ha0/hf3/11412477837342.jpg,https://www.metro.ca/en/online-grocery/search-page-60
,White Sliced Rolls,4x99 g,"$4.19
 ea.",,$1.06 /100g,,,https://product-images.metro.ca/images/hb2/hb1/8861661364254.jpg,https://www.metro.ca/en/online-grocery/search-page-60
MOTT'S,"Original Apple And Pear Sauce, Fruitsations",6x113 g,"$3.49
 ea.",,$0.51 /100g,,,,https://www.metro.ca/en/online-grocery/search-page-60
SELECTION,2-Ply Bathroom Tissue,8x253 sheets,"$5.49
 ea.",,$0.69 /un.,"Regular price
$5.79  ea.","Valid until Feb 7, 2024",https://product-images.metro.ca/images/h94/hfe/9501134454814.jpg,https://www.metro.ca/en/online-grocery/search-page-60
CROWN,Golden Corn Syrup,500 mL,"$4.79
 ea.",,$0.96 /100ml,,,https://product-images.metro.ca/images/hdb/h4d/12050710200350.jpg,https://www.metro.ca/en/online-grocery/search-page-60
DOLE,Diced Peach Cups In Juice,4x107 mL,"$4.49
 ea.",,$1.05 /100ml,,,https://product-images.metro.ca/images/hec/hd9/11477813821470.jpg,https://www.metro.ca/en/online-grocery/search-page-60
SELECTION,Flake Style Crab Flavoured Pollock,700 g,"$8.99
 ea.",,$1.28 /100g,"Regular price
$12.99  ea.","Valid until Jan 10, 2024",https://product-images.metro.ca/images/ha6/hd9/12156435595294.jpg,https://www.metro.ca/en/online-grocery/search-page-60
WRIGLEY'S,"Bottle Of Spearmint Flavoured Chewing Gum, Excel",60 un,"$6.29
 ea.",,$0.10 /un.,,,,https://www.metro.ca/en/online-grocery/search-page-60
METROGO!,5-Cut Vegetable Platter,,"$15.99
 ea.",,$1.88 /100g,,,https://product-images.metro.ca/images/h7c/he7/8837171347486.jpg,https://www.metro.ca/en/online-grocery/search-page-60
,Organic Avocados,3 un,"$5.99
 ea.",,$2.00 /un.,,,https://product-images.metro.ca/images/ha1/h29/9265227005982.jpg,https://www.metro.ca/en/online-grocery/search-page-60
ST-DONAT BAKERY,Creamy Fudge Swirls Pie,590 g,"$9.99
 ea.",,$1.69 /100g,,,https://product-images.metro.ca/images/h48/h3e/9773793869854.jpg,https://www.metro.ca/en/online-grocery/search-page-60
POM,"French Style Crusty Sliced White Bread, Classique",450 g,"$4.29
 ea.",,$0.95 /100g,,,,https://www.metro.ca/en/online-grocery/search-page-60
LYSOL,Toilet Bowl Cleaner,710 ml,"$3.99
 ea.",,$0.56 /100ml,"Regular price
$4.99  ea.","Valid until Feb 7, 2024",https://product-images.metro.ca/images/hcb/h92/9763066183710.jpg,https://www.metro.ca/en/online-grocery/search-page-60
ST-DONAT BAKERY,Rhubard Strawberry Pie,620 g,"$9.99
 ea.",,$1.61 /100g,,,https://product-images.metro.ca/images/h8e/h72/11541094072350.jpg,https://www.metro.ca/en/online-grocery/search-page-60
MAPLE LEAF,"Shaved Smoked Black Forest Ham Value Pack, Natural S...",400 g,"$14.99
 ea.",,$3.75 /100g,"Regular price
$15.49  ea.","Valid until Jan 17, 2024",,https://www.metro.ca/en/online-grocery/search-page-60
TRISCUIT,Olive Oil And Cracked Pepper Seasoned Crackers,200 g,"$4.49
 ea.",,$2.25 /100g,,,https://product-images.metro.ca/images/h59/hbb/11117338361886.jpg,https://www.metro.ca/en/online-grocery/search-page-60
LA FERNANDIÈRE,Old Fashioned Pork And Beef Sausages,375 g,"$6.29
 ea.",,$1.68 /100g,,,https://product-images.metro.ca/images/hce/h46/11432681406494.jpg,https://www.metro.ca/en/online-grocery/search-page-60
PEPSI,Diet Soft Drink,6x710 mL,"$6.49
 ea.",,$0.15 /100ml,,,https://product-images.metro.ca/images/h9a/hb9/10044989472798.jpg,https://www.metro.ca/en/online-grocery/search-page-60
CAMPBELL'S,Condensed Chicken Broth,284 mL,"$2.29
 ea.",,$0.81 /100ml,"Regular price
$2.99  ea.","Valid until Jan 24, 2024",https://product-images.metro.ca/images/h09/h86/10344167833630.jpg,https://www.metro.ca/en/online-grocery/search-page-60
PREMIÈRE MOISSON,100% Whole Wheat Round Loaf,700 g,"2 / 
$10.00",,or $5.49 ea. $0.71 /100g,,"Valid until Jan 17, 2024",https://product-images.metro.ca/images/h12/hd5/11541093220382.jpg,https://www.metro.ca/en/online-grocery/search-page-60
IRRESISTIBLES,Frozen Meat Lasagna,2.27 kg,"$18.00
 ea.",,$0.79 /100g,,,https://product-images.metro.ca/images/h20/h93/10405057363998.jpg,https://www.metro.ca/en/online-grocery/search-page-60
ORVILLE REDENBACHER,"Original Popping Corn, Gourmet",850 g,"$4.99
 ea.",,$0.59 /100g,"Regular price
$6.49  ea.","Valid until Jan 24, 2024",,https://www.metro.ca/en/online-grocery/search-page-60
PREMIÈRE MOISSON,Butter Chocolatines,4x60 g,"$6.99
 ea.",,$2.91 /100g,,,https://product-images.metro.ca/images/h76/ha1/10263432888350.jpg,https://www.metro.ca/en/online-grocery/search-page-60
COATICOOK,Pistachio Flavoured Ice Cream,2 L,"$5.99
 ea.",,$0.30 /100ml,,,https://product-images.metro.ca/images/h35/h8c/10231219191838.jpg,https://www.metro.ca/en/online-grocery/search-page-60
QUAKER,"Ketchup Flavoured Brown Rice Chips, Crispy Minis",100 g,"$3.99
 ea.",,$3.99 /100g,,,,https://www.metro.ca/en/online-grocery/search-page-60
,Cheese Kaiser Rolls,6x65 g,"$4.99
 ea.",,$1.28 /100g,,,https://product-images.metro.ca/images/hbe/h24/9014412541982.jpg,https://www.metro.ca/en/online-grocery/search-page-60
IÖGO,1.5% Vanilla Flavoured Yogurt,2 kg,"$8.99
 ea.",,$0.45 /100g,,,https://product-images.metro.ca/images/h83/h30/11161698533406.jpg,https://www.metro.ca/en/online-grocery/search-page-60
GALLO,Extra Virgin Olive Oil,1 L,"$15.99
 ea.",,$1.60 /100ml,"Regular price
$19.99  ea.","Valid until Jan 10, 2024",https://product-images.metro.ca/images/h2d/h7a/11205046992926.jpg,https://www.metro.ca/en/online-grocery/search-page-60
ASTRO,"6% Maple Flavoured Balkan Style Yogurt, Original",650 g,"$4.69
 ea.",,$0.72 /100g,,,,https://www.metro.ca/en/online-grocery/search-page-61
CLOVER LEAF,Low Sodium Solid Albacore White Tuna,170 g,"$3.99
 ea.",,$2.35 /100g,,,https://product-images.metro.ca/images/hee/h5c/11374796931102.jpg,https://www.metro.ca/en/online-grocery/search-page-61
METROGO!,Italian-Style Veal Meatballs,,"$7.41
 avg. ea.",(310 g avg.),$23.90 /kg$10.84 /lb.,,,https://product-images.metro.ca/images/hcd/h27/11926661005342.jpg,https://www.metro.ca/en/online-grocery/search-page-61
CATELLI,"Large Shell Pasta, Classic",500 g,"$2.99
 ea.",,$0.60 /100g,,,,https://www.metro.ca/en/online-grocery/search-page-61
GATORADE,Orange Flavoured Thirst Quencher,710 mL,"$2.79
 ea.",,$0.39 /100ml,,,https://product-images.metro.ca/images/h80/h73/9514567008286.jpg,https://www.metro.ca/en/online-grocery/search-page-61
MAPLE LEAF,"Fully Cooked Crumbled Bacon, Ready Crisp",85 g,"$7.99
 ea.",,$9.40 /100g,"Regular price
$8.99  ea.","Valid until Jan 17, 2024",,https://www.metro.ca/en/online-grocery/search-page-61
ST-HUBERT,25% Less Salt Poutine Sauce,398 mL,"$2.69
 ea.",,$0.68 /100ml,,,https://product-images.metro.ca/images/h48/h66/10239134924830.jpg,https://www.metro.ca/en/online-grocery/search-page-61
MICHELINA'S,Frozen Macaroni And Cheese,255 g,"2 / 
$5.00",,$0.98 /100g,"Regular price
$3.69  ea.","Valid until Feb 14, 2024",https://product-images.metro.ca/images/h48/hab/11760050143262.jpg,https://www.metro.ca/en/online-grocery/search-page-61
RIVIERA,2.8% Set-Style Plain Yogurt,750 g,"$5.29
 ea.",,$0.71 /100g,,,https://product-images.metro.ca/images/h7d/had/9522539036702.jpg,https://www.metro.ca/en/online-grocery/search-page-61
SAVOURA,Organic Cocktail Tomatoes,250 g,"$4.99
 ea.",,$2.00 /100g,,,https://product-images.metro.ca/images/hb7/h83/11492998774814.jpg,https://www.metro.ca/en/online-grocery/search-page-61
KELLOGG'S,"Mixed Berry Cereal Bars, Nutri-Grain",8x295 g,"$2.99
 ea.",,$1.01 /100g,"Regular price
$4.49  ea.","Valid until Jan 10, 2024",,https://www.metro.ca/en/online-grocery/search-page-61
KRAFT,"Spread In Squeezable Bottle, Miracle Whip",650 mL,"$6.29
 ea.",,$0.97 /100ml,,,,https://www.metro.ca/en/online-grocery/search-page-61
RUSTICA,Traditional Tomato Pizza,200 g,"$4.29
 ea.",,$2.15 /100g,,,https://product-images.metro.ca/images/h86/h29/10101026947102.jpg,https://www.metro.ca/en/online-grocery/search-page-61
BUDWEISER,Blonde Lager Beer,12x355 mL - cans,"$21.99
 ea.",,$0.52 /100ml,,,https://product-images.metro.ca/images/hdb/h90/10123502452766.jpg,https://www.metro.ca/en/online-grocery/search-page-61
RIVIERA,Lactose Free Mild Cheddar Cheese,375 g,"$9.79
 ea.",,$2.61 /100g,,,https://product-images.metro.ca/images/hbe/hbc/9640214921246.jpg,https://www.metro.ca/en/online-grocery/search-page-61
CLOVER LEAF,Skipjack Solid Light Tuna In Olive Oil,85 g,"$1.99
 ea.",,$2.34 /100g,"Regular price
$2.49  ea.","Valid until Jan 10, 2024",https://product-images.metro.ca/images/h60/h87/11374791065630.jpg,https://www.metro.ca/en/online-grocery/search-page-61
CHEF BOYARDEE,Mini Beef Ravioli In Tomato And Meat Sauce,425 g,"$2.79
 ea.",,$0.66 /100g,"Regular price
$3.49  ea.","Valid until Jan 24, 2024",https://product-images.metro.ca/images/h4f/h9e/10882771550238.jpg,https://www.metro.ca/en/online-grocery/search-page-61
IRRESISTIBLES,Dutch Chocolate Ice Cream,1.5 L,"$5.49
 ea.",,$0.37 /100ml,"Regular price
$7.29  ea.","Valid until Jan 10, 2024",https://product-images.metro.ca/images/he4/hcc/9963326079006.jpg,https://www.metro.ca/en/online-grocery/search-page-61
FONTAINE SANTÉ,"Hummus With Roasted Artichoke And Spinach, Humm!",227 g,"$4.79
 ea.",,$2.11 /100g,"Regular price
$5.29  ea.","Valid until Jan 17, 2024",,https://www.metro.ca/en/online-grocery/search-page-61
METROGO!,Traditionally Smoked Ham Slices,3 slices per tray,"$6.61
 avg. ea.",(300 g avg.),$22.02 /kg$9.99 /lb.,"Regular price
$24.23  avg. kg","Valid until Jan 17, 2024",https://product-images.metro.ca/images/h0f/h10/9233901092894.jpg,https://www.metro.ca/en/online-grocery/search-page-61
METROGO!,"Sublime Berry Mix, Value Pack",Small,"$9.99
 ea.",,$3.07 /100g,,,,https://www.metro.ca/en/online-grocery/search-page-61
SELECTION,Condensed Beef Broth,284 mL,"2 / 
$2.22",,$0.39 /100ml,"Regular price
$2.29  ea.","Valid until Jan 24, 2024",https://product-images.metro.ca/images/hae/ha2/10134494117918.jpg,https://www.metro.ca/en/online-grocery/search-page-61
CLOVER LEAF,Low In Sodium Flaked Light Skipjack Tuna In Water,170 g,"$1.99
 ea.",,$1.17 /100g,"Regular price
$2.49  ea.","Valid until Jan 10, 2024",https://product-images.metro.ca/images/h97/h17/11492971184158.jpg,https://www.metro.ca/en/online-grocery/search-page-61
METROGO!,Fruit Platter,,"$15.99
 ea.",,$1.33 /100g,,,https://product-images.metro.ca/images/h68/h80/8837252349982.jpg,https://www.metro.ca/en/online-grocery/search-page-61
IRRESISTIBLES,"Ciabatta Rolls, Artisan",6x75 g,"$4.99
 ea.",,$6.65 /100g,,,,https://www.metro.ca/en/online-grocery/search-page-61
HYGRADE,All Beef Wieners,375 g,"$8.29
 ea.",,$2.21 /100g,,,https://product-images.metro.ca/images/h8d/hae/11590584172574.jpg,https://www.metro.ca/en/online-grocery/search-page-61
ST-DONAT BAKERY,Apple Pie,620 g,"$9.99
 ea.",,$1.61 /100g,,,https://product-images.metro.ca/images/h64/hc0/11541040168990.jpg,https://www.metro.ca/en/online-grocery/search-page-61
KRAFT,Extra Creamy Peanut Butter,1 kg,"$7.99
 ea.",,$0.80 /100g,"Regular price
$8.99  ea.","Valid until Feb 7, 2024",https://product-images.metro.ca/images/h98/h13/11477857566750.jpg,https://www.metro.ca/en/online-grocery/search-page-61
RIVIERA,3.8% Vanilla Flavoured Set-Style Yogurt,750 g,"$5.29
 ea.",,$0.71 /100g,,,https://product-images.metro.ca/images/h53/hd7/11570835259422.jpg,https://www.metro.ca/en/online-grocery/search-page-61
NICOLAS LALOUX,"Canadian White Wine, Les Chais 550",1 L,"$11.29
 ea.",,$1.13 /100ml,"Regular price
$12.59  ea.","Valid until Feb 7, 2024",,https://www.metro.ca/en/online-grocery/search-page-61
IRRESISTIBLES,Carrot Muffins,"4 muffins, 400 g","$6.49
 ea.",,$1.62 /100g,,"Valid until Jan 10, 2024",https://product-images.metro.ca/images/h7a/h27/10475423596574.jpg,https://www.metro.ca/en/online-grocery/search-page-62
IRRESISTIBLES,Frozen Spicy Pulled Pork Thin Crust Pizza With A Rai...,376 g,"$5.49
 ea.",,$1.46 /100g,,,,https://www.metro.ca/en/online-grocery/search-page-62
CHIPS AHOY!,"Original Chocolate Chip Cookies, Value Pack",460 g,"$4.49
 ea.",,$0.98 /100g,"Regular price
$5.99  ea.","Valid until Jan 10, 2024",,https://www.metro.ca/en/online-grocery/search-page-62
CATELLI,"Fusilli, Tri-Colour",375 g,"$3.99
 ea.",,$1.06 /100g,,,,https://www.metro.ca/en/online-grocery/search-page-62
WINDEX,Original Window Cleaner,765 ml,"$5.99
 ea.",,$0.78 /100ml,"Regular price
$6.49  ea.","Valid until Feb 7, 2024",https://product-images.metro.ca/images/h88/hac/12174859927582.jpg,https://www.metro.ca/en/online-grocery/search-page-62
,Pork For Chinese Fondue,1 pack,"$7.27
 avg. ea.",(300 g avg.),$24.23 /kg$10.99 /lb.,,,https://product-images.metro.ca/images/h93/h2a/8894285840414.jpg,https://www.metro.ca/en/online-grocery/search-page-62
CAMPBELL'S,Cream Of Mushroom Condensed Soup Without Added Salt,284 mL,"$2.29
 ea.",,$0.81 /100ml,"Regular price
$2.99  ea.","Valid until Jan 24, 2024",https://product-images.metro.ca/images/h64/hf6/10020546674718.jpg,https://www.metro.ca/en/online-grocery/search-page-62
SELECTION,Large Kitchen Garbage Bags,40 un,"$4.49
 ea.",,$0.11 /un.,,,https://product-images.metro.ca/images/h08/hec/8809939075102.jpg,https://www.metro.ca/en/online-grocery/search-page-62
LACTANTIA,10% Fat Half & Half Cream,473 mL,"$4.49
 ea.",,$0.95 /100ml,,,https://product-images.metro.ca/images/h10/ha9/11459172270110.jpg,https://www.metro.ca/en/online-grocery/search-page-62
,"Pork Chops, Hotel Cut",4 chops per tray,"$21.13
 avg. ea.","(1,200 g avg.)",$17.61 /kg$7.99 /lb.,,,https://product-images.metro.ca/images/he0/h9d/9279656263710.jpg,https://www.metro.ca/en/online-grocery/search-page-62
KNORR,"Onion Soup Mix, Recipe",2 un,"$2.79
 ea.",,$1.40 /un.,,,,https://www.metro.ca/en/online-grocery/search-page-62
QUÉBON,1% Chocolate Milk,473 mL,"$1.79
 ea.",,$0.38 /100ml,"Regular price
$2.49  ea.","Valid until Feb 14, 2024",https://product-images.metro.ca/images/h1d/h63/11401272033310.jpg,https://www.metro.ca/en/online-grocery/search-page-62
MERIT,Italian Bread,455 g,"$3.99
 ea.",,$0.88 /100g,"Regular price
$4.49  ea.","Valid until Jan 10, 2024",https://product-images.metro.ca/images/hb7/hf7/9279699877918.jpg,https://www.metro.ca/en/online-grocery/search-page-62
PLAISIRS GASTRONOMIQUES,Old-Fashioned Ham Salad,360 g,"$8.99
 ea.",,$2.50 /100g,"Regular price
$9.49  ea.","Valid until Jan 10, 2024",https://product-images.metro.ca/images/h5f/hca/11754099802142.jpg,https://www.metro.ca/en/online-grocery/search-page-62
PHILADELPHIA,Chive & Onion Cream Cheese,227 g,"$6.49
 ea.",,$2.86 /100g,,,https://product-images.metro.ca/images/hcc/h29/10443187912734.jpg,https://www.metro.ca/en/online-grocery/search-page-62
GRISSOL,"Tomato And Basil Toasted Snack Bread, Baguettes",120 g,"$1.99
 ea.",,$1.66 /100g,"Regular price
$4.29  ea.","Valid until Jan 10, 2024",,https://www.metro.ca/en/online-grocery/search-page-62
MINUTE MAID,Frozen Concentrated Berry Beverage,295 mL,"$1.99
 ea.",,$0.67 /100ml,,,https://product-images.metro.ca/images/h53/hf6/10495704334366.jpg,https://www.metro.ca/en/online-grocery/search-page-62
IRRESISTIBLES,Frozen Caramelized Onion & Sundried Tomato Thin Crus...,367 g,"$5.49
 ea.",,$1.50 /100g,,,,https://www.metro.ca/en/online-grocery/search-page-62
TROPICANA,Orange Juice Without Pulp,355 mL,"$2.29
 ea.",,$0.65 /100ml,,,https://product-images.metro.ca/images/h60/h7d/9514533945374.jpg,https://www.metro.ca/en/online-grocery/search-page-62
LA BOUCANERIE,Sliced Smoked Steelhead Salmon,300 g,"$24.99
 ea.",,$8.33 /100g,"Regular price
$25.99  ea.","Valid until Jan 17, 2024",https://product-images.metro.ca/images/h7d/h1b/12156431007774.jpg,https://www.metro.ca/en/online-grocery/search-page-62
POPSICLE,"Cherry, Lemon And Blue Raspberry Flavoured Ice Pops,...",12x50 mL,"$6.79
 ea.",,$1.13 /100ml,,,,https://www.metro.ca/en/online-grocery/search-page-62
ROYAL NUTS,Dry Roasted Cashews With Sea Salt,350 g,"$12.99
 ea.",,$3.71 /100g,"Regular price
$13.99  ea.","Valid until Jan 10, 2024",https://product-images.metro.ca/images/h93/h22/11849314533406.jpg,https://www.metro.ca/en/online-grocery/search-page-62
SELECTION,Frozen Royal Medley Vegetable Mix,600 g,"$3.49
 ea.",,$0.58 /100g,"Regular price
$4.49  ea.","Valid until Jan 10, 2024",https://product-images.metro.ca/images/hc4/h16/9711200403486.jpg,https://www.metro.ca/en/online-grocery/search-page-62
ESKA,Natural Spring Water,4 L,"$2.99
 ea.",,$0.07 /100ml,,,https://product-images.metro.ca/images/h9d/h5f/9847157587998.jpg,https://www.metro.ca/en/online-grocery/search-page-62
IRRESISTIBLES,"Orange, Peach And Mango Juice",1.65 L,"$4.49
 ea.",,$0.27 /100ml,"Regular price
$5.29  ea.","Valid until Feb 14, 2024",https://product-images.metro.ca/images/ha7/h95/10788976099358.jpg,https://www.metro.ca/en/online-grocery/search-page-62
CHIP AHOY!,Chocolate Chunk Soft Cookies,290 g,"$3.79
 ea.",,$1.31 /100g,"Regular price
$4.79  ea.","Valid until Jan 24, 2024",https://product-images.metro.ca/images/hd4/h78/10918228557854.jpg,https://www.metro.ca/en/online-grocery/search-page-62
LAY'S,"Bar-B-Q Flavoured Crisps, Stax",155 g,"$2.99
 ea.",,$1.93 /100g,,,,https://www.metro.ca/en/online-grocery/search-page-62
GENERAL MILLS,"Cinnamon Flavoured Cereal Value Pack, Cinnamon Toast...",591 g,"$8.99
 ea.",,$1.52 /100g,,,,https://www.metro.ca/en/online-grocery/search-page-62
SELECTION,Leg Style Crab Flavoured Pollock,227 g,"$4.99
 ea.",,$2.20 /100g,,,https://product-images.metro.ca/images/hf3/hec/11133648535582.jpg,https://www.metro.ca/en/online-grocery/search-page-62
BABYBEL,Lactose Free Original Mini Cheeses,12x20 g,"$9.29
 ea.",,$3.87 /100g,,,https://product-images.metro.ca/images/h34/hf2/11761471750174.jpg,https://www.metro.ca/en/online-grocery/search-page-62
NESCAFÉ,"Decaffeinated Instant Coffee, Taster'S Choice",100 g,"$8.49
 ea.",,$8.49 /100g,,,,https://www.metro.ca/en/online-grocery/search-page-63
BARILLA,Spaghettini,800 g,"$5.79
 ea.",,$0.72 /100g,,,https://product-images.metro.ca/images/hd7/h3d/11714279604254.jpg,https://www.metro.ca/en/online-grocery/search-page-63
PURE LEAF,Raspberry Flavoured Iced Tea,1.75 L,"$6.79
 ea.",,$0.39 /100ml,,,https://product-images.metro.ca/images/he0/h59/9514569891870.jpg,https://www.metro.ca/en/online-grocery/search-page-63
CAMPBELL'S,"Golden Butternut Squash Soup, Everyday Gourmet",500 mL,"$3.49
 ea.",,$0.70 /100ml,"Regular price
$4.29  ea.","Valid until Jan 24, 2024",,https://www.metro.ca/en/online-grocery/search-page-63
METROGO!,Angus Roast Beef Submarine,,"$7.99
 ea.",,$2.66 /100g,,,https://product-images.metro.ca/images/h9e/h0e/11926644260894.jpg,https://www.metro.ca/en/online-grocery/search-page-63
KNORR,"Chicken And Broccoli Pasta, Sidekicks",126 g,"3 / 
$7.00",,$1.85 /100g,"Regular price
$2.79  ea.","Valid until Jan 24, 2024",,https://www.metro.ca/en/online-grocery/search-page-63
HEINZ,"Alphabet Pasta In Tomato Sauce, Alpha-Getti",398 mL,"$3.69
 ea.",,$0.93 /100ml,,,,https://www.metro.ca/en/online-grocery/search-page-63
SI-BON,Homestyle Fruits Chow Chow Ketchup,500 mL,"$5.29
 ea.",,$1.06 /100ml,,,https://product-images.metro.ca/images/h97/had/11521136263198.jpg,https://www.metro.ca/en/online-grocery/search-page-63
NOREL,Veal And Pork Cretonnade,300 g,"$6.99
 ea.",,$2.33 /100g,,,https://product-images.metro.ca/images/h03/h42/10250163453982.jpg,https://www.metro.ca/en/online-grocery/search-page-63
IRRESISTIBLES,Garlic And Butter Croutons,145 g,"$2.99
 ea.",,$2.06 /100g,"Regular price
$3.49  ea.","Valid until Jan 10, 2024",https://product-images.metro.ca/images/h36/h78/8846845411358.jpg,https://www.metro.ca/en/online-grocery/search-page-63
SELECTION,Frozen Crinkle Cut French Fries,1 kg,"$2.99
 ea.",,$0.30 /100g,"Regular price
$3.69  ea.","Valid until Feb 14, 2024",https://product-images.metro.ca/images/hee/h26/10390644129822.jpg,https://www.metro.ca/en/online-grocery/search-page-63
REYNOLDS,Large Rainbow Baking Cups,50 un,"$1.79
 ea.",,$0.04 /un.,,,https://product-images.metro.ca/images/h0d/h17/10020550377502.jpg,https://www.metro.ca/en/online-grocery/search-page-63
CHRISTIE,"Classic Oatmeal Cookies, Dad'S",320 g,"$3.79
 ea.",,$1.18 /100g,"Regular price
$4.99  ea.","Valid until Jan 24, 2024",,https://www.metro.ca/en/online-grocery/search-page-63
CLOVER LEAF,Wild Pacific Pink Salmon,213 g,"$3.99
 ea.",,$1.87 /100g,"Regular price
$4.99  ea.","Valid until Jan 24, 2024",https://product-images.metro.ca/images/had/hb8/11892961968158.jpg,https://www.metro.ca/en/online-grocery/search-page-63
,Oatmeal And Raisin Cookies,6 cookies x 76 g,"$5.99
 ea.",,$1.31 /100g,"Regular price
$6.99  ea.","Valid until Jan 10, 2024",https://product-images.metro.ca/images/hf1/hcf/8923529740318.jpg,https://www.metro.ca/en/online-grocery/search-page-63
SNYDER'S LANCE,"Original Kettle Cooked Chips With Reduced Fat, Cape Cod",220 g,"$5.79
 ea.",,$2.63 /100g,,,,https://www.metro.ca/en/online-grocery/search-page-63
CLASSICO,"Rosée Pasta Sauce, Di Lombardia",410 mL,"$5.49
 ea.",,$1.34 /100ml,,,,https://www.metro.ca/en/online-grocery/search-page-63
CLOVER LEAF,Lemon And Pepper Flaked Light Tuna,85 g,"$1.99
 ea.",,$2.34 /100g,"Regular price
$2.49  ea.","Valid until Jan 10, 2024",https://product-images.metro.ca/images/hb9/h61/11374786641950.jpg,https://www.metro.ca/en/online-grocery/search-page-63
CADBURY,"Milk Chocolate Bar, Dairy Milk",100 g,"$2.99
 ea.",,$2.99 /100g,"Regular price
$3.49  ea.","Valid until Jan 24, 2024",,https://www.metro.ca/en/online-grocery/search-page-63
ACTIVIA,2.9% Strawberry Flavoured Lactose-Free Probiotic Yogurt,650 g,"2 / 
$7.50",,or $5.49 ea. $0.58 /100g,,"Valid until Feb 14, 2024",https://product-images.metro.ca/images/hb2/he5/11642906574878.jpg,https://www.metro.ca/en/online-grocery/search-page-63
ACTIVIA,"2.8% Probiotic Yogurts With Grains Variety Pack, Sou...",12x100 g,"$8.69
 ea.",,$0.72 /100g,,,,https://www.metro.ca/en/online-grocery/search-page-63
PLAISIRS GASTRONOMIQUES,Citrus & Cranberry Couscous Salad,300 g,"$6.99
 ea.",,$2.33 /100g,,,https://product-images.metro.ca/images/h56/h1a/9796159078430.jpg,https://www.metro.ca/en/online-grocery/search-page-63
PURE LEAF,Peach Flavoured Iced Tea,1.75 L,"$6.79
 ea.",,$0.39 /100ml,,,https://product-images.metro.ca/images/h0b/h00/9515273945118.jpg,https://www.metro.ca/en/online-grocery/search-page-63
SNYDER'S LANCE,"Original Kettle Cooked Chips, Cape Cod",220 g,"$5.79
 ea.",,$2.63 /100g,,,,https://www.metro.ca/en/online-grocery/search-page-63
SELECTION,Sandwich Bags,50 un,"$2.49
 ea.",,$0.05 /un.,"Regular price
$2.99  ea.","Valid until Feb 7, 2024",https://product-images.metro.ca/images/hc7/h15/10090919657502.jpg,https://www.metro.ca/en/online-grocery/search-page-63
PREMIÈRE MOISSON,Organic French Baguette,325 g,"$4.69
 ea.",,$1.44 /100g,,,https://product-images.metro.ca/images/h97/h21/11541074411550.jpg,https://www.metro.ca/en/online-grocery/search-page-63
VH,"Mild Garlic Rib Cooking Sauce, Chinese",341 mL,"2 / 
$8.00",,$1.17 /100ml,"Regular price
$4.69  ea.","Valid until Jan 24, 2024",,https://www.metro.ca/en/online-grocery/search-page-63
METROGO!,Egg Spread-Stuffed Buns,145 g,"$3.99
 ea.",,$2.75 /100g,,,https://product-images.metro.ca/images/h7c/hc8/11926658973726.jpg,https://www.metro.ca/en/online-grocery/search-page-63
SMUCKER'S,"Strawberry Jam, Pure",250 mL,"$4.99
 ea.",,$2.00 /100ml,,,,https://www.metro.ca/en/online-grocery/search-page-63
ACTIVIA,2.9% Peach Flavoured Probiotic Yogourt,650 g,"2 / 
$7.50",,or $5.49 ea. $0.58 /100g,,"Valid until Feb 14, 2024",https://product-images.metro.ca/images/h84/hda/11860706754590.jpg,https://www.metro.ca/en/online-grocery/search-page-63
LE SIEUR,Canned Green Peas 1/3 Less Salt,398 mL,"$2.79
 ea.",,$0.70 /100ml,,,https://product-images.metro.ca/images/h49/hf4/10185944563742.jpg,https://www.metro.ca/en/online-grocery/search-page-64
GLACÉAU VITAMINWATER,"XXX Acai, Blueberry & Pomegranate Nutrient Enhanced ...",591 mL,"3 / 
$6.00",,$0.34 /100ml,"Regular price
$3.29  ea.","Valid until Feb 7, 2024",,https://www.metro.ca/en/online-grocery/search-page-64
HERSHEY'S,"Chocolate Candy, Cherry Blossom",45 g,"$1.69
 ea.",,$3.76 /100g,,,,https://www.metro.ca/en/online-grocery/search-page-64
PILLSBURY,Chocolatey Chunk Cookies Dough,468 g,"$4.99
 ea.",,$1.07 /100g,,,https://product-images.metro.ca/images/hdf/h26/10784658948126.jpg,https://www.metro.ca/en/online-grocery/search-page-64
DERLEA,Minced Garlic,1 kg,"$7.99
 ea.",,$0.80 /100g,"Regular price
$8.99  ea.","Valid until Jan 10, 2024",https://product-images.metro.ca/images/h74/h2a/11243915214878.jpg,https://www.metro.ca/en/online-grocery/search-page-64
METROGO!,Beef Alouettes,4 alouettes per tray,"$8.10
 avg. ea.",(350 g avg.),$23.13 /kg$10.49 /lb.,"Regular price
$24.23  avg. kg","Valid until Jan 10, 2024",https://product-images.metro.ca/images/hda/hf8/9185767227422.jpg,https://www.metro.ca/en/online-grocery/search-page-64
HIGH LINER,"Frozen Uncooked Haddock, Market Cuts",227 g,"2 / 
$10.00",,or $6.99 ea. $2.20 /100g,"Regular price
$9.99  ea.","Valid until Jan 10, 2024",,https://www.metro.ca/en/online-grocery/search-page-64
IRRESISTIBLES,Maple Leaf Cookies,350 g,"$4.49
 ea.",,$1.28 /100g,,,https://product-images.metro.ca/images/ha2/h91/11117322731550.jpg,https://www.metro.ca/en/online-grocery/search-page-64
IRRESISTIBLES,Light Whipped Cream In Aerosol,225 g,"$4.69
 ea.",,$2.08 /100g,,,https://product-images.metro.ca/images/hc1/h64/9271189012510.jpg,https://www.metro.ca/en/online-grocery/search-page-64
REAL DAIRY,Chocolate Flavoured Ice Cream,1.5 L,"$5.99
 ea.",,$0.40 /100ml,"Regular price
$7.99  ea.","Valid until Jan 24, 2024",https://product-images.metro.ca/images/h6a/hb9/11521035304990.jpg,https://www.metro.ca/en/online-grocery/search-page-64
NATUR-A,Chocolate Flavoured Organic Enriched Soy Beverage,946 mL,"$3.49
 ea.",,$0.37 /100ml,,,https://product-images.metro.ca/images/hff/hfa/10433031405598.jpg,https://www.metro.ca/en/online-grocery/search-page-64
HABITANT,"Pickled Cubed Beets, Homestyle",750 mL,"$4.99
 ea.",,$0.67 /100ml,"Regular price
$5.99  ea.","Valid until Jan 24, 2024",,https://www.metro.ca/en/online-grocery/search-page-64
CAMPBELL'S,Condensed Homestyle Chicken Noodle Soup,284 mL,"$2.29
 ea.",,$0.81 /100ml,"Regular price
$2.99  ea.","Valid until Jan 24, 2024",https://product-images.metro.ca/images/h99/he7/9522180489246.jpg,https://www.metro.ca/en/online-grocery/search-page-64
MR. NOODLES,Spicy Chicken Flavoured Instant Noodles,85 g,"2 / 
$1.00",,$0.59 /100g,"Regular price
$0.75  ea.","Valid until Jan 24, 2024",https://product-images.metro.ca/images/h1e/h5d/9149655842846.jpg,https://www.metro.ca/en/online-grocery/search-page-64
HÄAGEN-DAZS,Double Chocolate And Almond Flavoured Ice Cream Bars,3x88 mL,"$4.99
 ea.",,$1.89 /100ml,"Regular price
$6.69  ea.","Valid until Jan 24, 2024",https://product-images.metro.ca/images/hbf/h99/11541102395422.jpg,https://www.metro.ca/en/online-grocery/search-page-64
IRRESISTIBLES,Frozen Smoked Coho Salmon Slices,300 g,"$22.99
 ea.",,$7.66 /100g,,,https://product-images.metro.ca/images/he4/h75/12156427239454.jpg,https://www.metro.ca/en/online-grocery/search-page-64
NATURAL DELIGHTS,Whole Medjool Dates,907 g,"$16.99
 ea.",,$1.87 /100g,"Regular price
$19.99  ea.","Valid until Jan 10, 2024",https://product-images.metro.ca/images/h68/h20/10767245279262.jpg,https://www.metro.ca/en/online-grocery/search-page-64
CLUB HOUSE,Pure Vanilla Extract,46 mL,"$13.99
 ea.",,$30.41 /100ml,,,https://product-images.metro.ca/images/hd8/hf7/10486520250398.jpg,https://www.metro.ca/en/online-grocery/search-page-64
FROMAGERIE FRITZ KAISER,Tête Dure Semi-Firm Cheese,1 piece,"$6.49
 avg. ea.",(130 g avg.),$49.90 /kg$22.63 /lb.,"Regular price
$54.90  avg. kg","Valid until Jan 17, 2024",https://product-images.metro.ca/images/h64/h19/11588876206110.jpg,https://www.metro.ca/en/online-grocery/search-page-64
MARZETTI,Ranch Style Light Veggie Dip,340 g,"$4.99
 ea.",,$1.47 /100g,"Regular price
$5.99  ea.","Valid until Jan 17, 2024",https://product-images.metro.ca/images/h5d/h63/9526394060830.jpg,https://www.metro.ca/en/online-grocery/search-page-64
FRONT STREET BAKERY,Authentic Italian Calabrese Baguette,325 g,"$4.19
 ea.",,$1.29 /100g,,,https://product-images.metro.ca/images/h48/h36/11541107900446.jpg,https://www.metro.ca/en/online-grocery/search-page-64
MINUTE MAID,Frozen Concentrated Grape Punch,295 mL,"$1.99
 ea.",,$0.67 /100ml,,,https://product-images.metro.ca/images/h77/hd9/10495700828190.jpg,https://www.metro.ca/en/online-grocery/search-page-64
SELECTION,Garlic And Olive Oil Petite Cut Stewed Tomatoes,540 mL,"$1.99
 ea.",,$0.37 /100ml,"Regular price
$2.19  ea.","Valid until Jan 24, 2024",https://product-images.metro.ca/images/hd7/hf8/9518805352478.jpg,https://www.metro.ca/en/online-grocery/search-page-64
UNICO,Sliced Ripe Olives,375 mL,"$2.49
 ea.",,$0.66 /100ml,"Regular price
$3.29  ea.","Valid until Jan 24, 2024",https://product-images.metro.ca/images/h4b/h27/12174884864030.jpg,https://www.metro.ca/en/online-grocery/search-page-64
PRIMO,Farfalle,700 g,"$2.99
 ea.",,$0.43 /100g,"Regular price
$3.79  ea.","Valid until Jan 24, 2024",https://product-images.metro.ca/images/h03/h0b/11272670609438.jpg,https://www.metro.ca/en/online-grocery/search-page-64
SMARTFOOD,Jalapeño And Cheddar Popcorn,180 g,"2 / 
$7.50",,$2.08 /100g,"Regular price
$4.99  ea.","Valid until Jan 10, 2024",https://product-images.metro.ca/images/h5d/h38/12279397482526.jpg,https://www.metro.ca/en/online-grocery/search-page-64
THE LAUGHING COW,Light Processed Cheese Spread,8x16.6 g,"$3.79
 ea.",,$2.85 /100g,"Regular price
$4.79  ea.","Valid until Jan 10, 2024",https://product-images.metro.ca/images/h07/he3/12083877085214.jpg,https://www.metro.ca/en/online-grocery/search-page-64
CANADA DRY,Diet Ginger Ale,12x355 mL,"$6.98
 ea.",,$0.16 /100ml,"Regular price
$7.99  ea.","Valid until Jan 10, 2024",https://product-images.metro.ca/images/hb0/h57/12018713886750.jpg,https://www.metro.ca/en/online-grocery/search-page-64
WEETABIX,Whole Wheat Cereals,400 g,"$6.29
 ea.",,$1.57 /100g,,,https://product-images.metro.ca/images/he5/h57/11205006295070.jpg,https://www.metro.ca/en/online-grocery/search-page-64
VACHON,Candy Brownies,6 cakes,"3 / 
$10.97",,or $4.99 ea. $0.61 /un.,"Regular price
$5.29  ea.","Valid until Jan 10, 2024",https://product-images.metro.ca/images/h5d/h5a/11829814001694.jpg,https://www.metro.ca/en/online-grocery/search-page-64
ST-HUBERT,Bbq Sauce Mix With 25% Less Salt,57 g,"3 / 
$5.00",,$2.92 /100g,"Regular price
$2.39  ea.","Valid until Jan 10, 2024",https://product-images.metro.ca/images/hc3/h9b/9527037100062.jpg,https://www.metro.ca/en/online-grocery/search-page-65
KRAFT,"Crunchy Peanut Butter, All Natural",750 g,"$7.99
 ea.",,$1.07 /100g,"Regular price
$8.99  ea.","Valid until Feb 7, 2024",,https://www.metro.ca/en/online-grocery/search-page-65
,Rib Roast,,"$53.71
 avg. ea.","(1,250 g avg.)",$42.97 /kg$19.49 /lb.,,,https://product-images.metro.ca/images/h61/he8/8886420570142.jpg,https://www.metro.ca/en/online-grocery/search-page-65
ORVILLE REDENBACHER,"Extra Buttery Flavoured Popping Corn, Gourmet",246 g,"$4.29
 ea.",,$1.74 /100g,,,,https://www.metro.ca/en/online-grocery/search-page-65
QUAKER,"Whole Grain Oats Cereal, Life",450 g,"$5.79
 ea.",,$1.29 /100g,,,,https://www.metro.ca/en/online-grocery/search-page-65
PASTENE,No Salt Added Ground Tomatoes With Puree,796 mL,"$3.69
 ea.",,$0.46 /100ml,,,https://product-images.metro.ca/images/hbb/h02/10509505331230.jpg,https://www.metro.ca/en/online-grocery/search-page-65
MOTT'S,"Extra Spicy Tomato Clam Cocktail, Clamato",1.89 L,"$4.79
 ea.",,$0.25 /100ml,"Regular price
$5.49  ea.","Valid until Jan 24, 2024",,https://www.metro.ca/en/online-grocery/search-page-65
DIMPFLMEIER,Klosterbrot Monastery Rye Bread,454 g,"$4.19
 ea.",,$0.92 /100g,,,https://product-images.metro.ca/images/h8b/h17/9910162358302.jpg,https://www.metro.ca/en/online-grocery/search-page-65
OKA,Oka,190 g,"$10.49
 ea.",,$5.52 /100g,,,https://product-images.metro.ca/images/h4f/h4d/12050661113886.jpg,https://www.metro.ca/en/online-grocery/search-page-65
SHIRRIFF,"Orange Lemon And Grapefruit Marmalade, Good Morning",375 mL,"$4.99
 ea.",,$1.33 /100ml,,,,https://www.metro.ca/en/online-grocery/search-page-65
LA BELLE BRETAGNE,Old Style Glazed Country-Style Pâté,150 g,"$4.69
 ea.",,$3.13 /100g,,,https://product-images.metro.ca/images/hce/h31/11292666953758.jpg,https://www.metro.ca/en/online-grocery/search-page-65
SELECTION,#4 Cone Coffee Filters,150 un,"$6.99
 ea.",,$0.05 /un.,,,https://product-images.metro.ca/images/h58/hc3/11642981416990.jpg,https://www.metro.ca/en/online-grocery/search-page-65
CLASSICO,"Red Wine And Herb Pasta Sauce, Di Piemonte",650 mL,"$5.49
 ea.",,$0.84 /100ml,,,,https://www.metro.ca/en/online-grocery/search-page-65
CASTELLO,Traditional Danish Blue Cheese,1 piece,"$5.74
 avg. ea.",(125 g avg.),$45.90 /kg$20.82 /lb.,,,https://product-images.metro.ca/images/h36/h09/8936111505438.jpg,https://www.metro.ca/en/online-grocery/search-page-65
,Authentic Portuguese Custard Tarts,4x75 g,"$6.49
 ea.",,$2.16 /100g,,,https://product-images.metro.ca/images/h80/hdc/10418476548126.jpg,https://www.metro.ca/en/online-grocery/search-page-65
MAPLE LEAF,Maple Flavoured Natural Bacon,375 g,"$8.99
 ea.",,$2.40 /100g,,,https://product-images.metro.ca/images/hc2/hbe/10402302165022.jpg,https://www.metro.ca/en/online-grocery/search-page-65
IRRESISTIBLES,Frozen Coconut Cream Pie,830 g,"$12.99
 ea.",,$1.57 /100g,"Regular price
$14.49  ea.","Valid until Jan 10, 2024",https://product-images.metro.ca/images/ha9/h0a/8943948267550.jpg,https://www.metro.ca/en/online-grocery/search-page-65
CRUSH,Orange Flavoured Soft Drink,12x355 mL,"$6.98
 ea.",,$0.16 /100ml,"Regular price
$7.99  ea.","Valid until Jan 10, 2024",https://product-images.metro.ca/images/hca/hd3/10882744123422.jpg,https://www.metro.ca/en/online-grocery/search-page-65
IRRESISTIBLES,Frozen Cranberries,600 g,"3 / 
$12.99",,or $5.99 ea. $0.72 /100g,,"Valid until Feb 14, 2024",https://product-images.metro.ca/images/hc0/h2d/11521034715166.jpg,https://www.metro.ca/en/online-grocery/search-page-65
IRRESISTIBLES,Multigrain Caesar Croutons,145 g,"$2.99
 ea.",,$2.06 /100g,"Regular price
$3.49  ea.","Valid until Jan 10, 2024",https://product-images.metro.ca/images/h3d/hf8/8846960754718.jpg,https://www.metro.ca/en/online-grocery/search-page-65
,Mini Sweet Peppers,227 g,"$3.99
 ea.",,$1.76 /100g,,,https://product-images.metro.ca/images/h5f/hda/9335893065758.jpg,https://www.metro.ca/en/online-grocery/search-page-65
SELECTION,Popcorn Kernels,1 kg,"$3.29
 ea.",,$0.33 /100g,"Regular price
$3.99  ea.","Valid until Jan 24, 2024",https://product-images.metro.ca/images/hf8/hc8/9679358459934.jpg,https://www.metro.ca/en/online-grocery/search-page-65
SELECTION,Oregano Leaves,30 g,"$1.99
 ea.",,$6.63 /100g,,,https://product-images.metro.ca/images/h73/h4d/9096933441566.jpg,https://www.metro.ca/en/online-grocery/search-page-65
MARS,"Chocolate Bar, Twix",50 g,"$1.69
 ea.",,$3.38 /100g,,,,https://www.metro.ca/en/online-grocery/search-page-65
MINUTE MAID,Frozen Concentrated Pink Lemonade,295 mL,"$1.99
 ea.",,$0.67 /100ml,,,https://product-images.metro.ca/images/ha8/hec/10495702597662.jpg,https://www.metro.ca/en/online-grocery/search-page-65
SELECTION,Plain Queen Olives,375 mL,"$3.29
 ea.",,$0.88 /100ml,,,https://product-images.metro.ca/images/h6f/h60/8844820316190.jpg,https://www.metro.ca/en/online-grocery/search-page-65
CHAPMAN'S,"Fruity Ice Pops, Li'L Lolly",28x50 mL,"$6.99
 ea.",,$0.50 /100ml,,,,https://www.metro.ca/en/online-grocery/search-page-65
,9" Cheese Submarine Rolls,4x100 g,"$4.99
 ea.",,$1.25 /100g,,,,https://www.metro.ca/en/online-grocery/search-page-65
HOT-KID,Natural Rice Crackers,100 g,"$3.99
 ea.",,$3.99 /100g,,,https://product-images.metro.ca/images/h7e/had/9508230627358.jpg,https://www.metro.ca/en/online-grocery/search-page-65
CLARK,Dark Brown Beans With Pork And Molasses,398 mL,"$2.69
 ea.",,$0.68 /100ml,,,https://product-images.metro.ca/images/h06/h5d/9719537500190.jpg,https://www.metro.ca/en/online-grocery/search-page-65
KELLOGG'S,Cereal Fun Pac,8x210 g,"$4.49
 ea.",,$2.14 /100g,"Regular price
$7.49  ea.","Valid until Jan 10, 2024",https://product-images.metro.ca/images/h5c/h33/11860666482718.jpg,https://www.metro.ca/en/online-grocery/search-page-66
SELECTION,Apple And Grape Juice With Vitamin C Added,1 L,"$1.49
 ea.",,$0.15 /100ml,"Regular price
$1.89  ea.","Valid until Jan 24, 2024",https://product-images.metro.ca/images/h35/hb3/11521014824990.jpg,https://www.metro.ca/en/online-grocery/search-page-66
LA FERNANDIÈRE,Maple Syrup And Black Pepper Sausages,375 g,"$6.29
 ea.",,$1.68 /100g,,,https://product-images.metro.ca/images/he1/h05/11432661745694.jpg,https://www.metro.ca/en/online-grocery/search-page-66
SUMMER FRESH,Avocado Hummus,227 g,"$4.79
 ea.",,$2.11 /100g,,,https://product-images.metro.ca/images/hff/ha9/9532857581598.jpg,https://www.metro.ca/en/online-grocery/search-page-66
REVOLUTION,American Red Wine,1 L,"$12.29
 ea.",,$1.23 /100ml,"Regular price
$14.29  ea.","Valid until Feb 7, 2024",https://product-images.metro.ca/images/h85/hd5/11521022263326.jpg,https://www.metro.ca/en/online-grocery/search-page-66
QUAKER,"BBQ Flavoured Brown Rice Chips, Crispy Minis",100 g,"$3.99
 ea.",,$3.99 /100g,,,,https://www.metro.ca/en/online-grocery/search-page-66
SELECTION,Medium Pad Thai Rice Noodles,400 g,"$3.49
 ea.",,$0.87 /100g,"Regular price
$4.29  ea.","Valid until Jan 24, 2024",https://product-images.metro.ca/images/h28/h05/9906518392862.jpg,https://www.metro.ca/en/online-grocery/search-page-66
POM,Brown'N Serve Rolls,12 buns,"$5.99
 ea.",,$0.50 /un.,,,https://product-images.metro.ca/images/h5e/h37/11937065107486.jpg,https://www.metro.ca/en/online-grocery/search-page-66
SNOWDON BAKERY,Sliced Rye Bread,625 g,"$6.99
 ea.",,$1.12 /100g,,,https://product-images.metro.ca/images/hdb/h0a/8906538123294.jpg,https://www.metro.ca/en/online-grocery/search-page-66
SELECTION,Reduced Salt Condensed Tomato Soup,284 mL,"2 / 
$2.22",,$0.39 /100ml,"Regular price
$1.39  ea.","Valid until Jan 24, 2024",https://product-images.metro.ca/images/hb1/h21/10319458959390.jpg,https://www.metro.ca/en/online-grocery/search-page-66
DRUMSTICK,Double Chocolate Peanut Covered Dessert Cones,4x140 mL,"$5.99
 ea.",,$1.07 /100ml,"Regular price
$8.79  ea.","Valid until Jan 24, 2024",https://product-images.metro.ca/images/he9/he9/10183813922846.jpg,https://www.metro.ca/en/online-grocery/search-page-66
CATELLI,"Capelli D'Angelo, Classic",375 g,"$2.99
 ea.",,$0.80 /100g,,,,https://www.metro.ca/en/online-grocery/search-page-66
LAFLEUR,"Black Forest Smoked Ham, P'Tit Caprice",550 g,"$12.99
 ea.",,$2.36 /100g,"Regular price
$13.99  ea.","Valid until Jan 10, 2024",,https://www.metro.ca/en/online-grocery/search-page-66
HÄAGEN-DAZS,Dark Chocolate Coated Vanilla Ice Cream Bars,3x88 mL,"$4.99
 ea.",,$1.89 /100ml,"Regular price
$6.69  ea.","Valid until Jan 24, 2024",https://product-images.metro.ca/images/hab/h97/11412479705118.jpg,https://www.metro.ca/en/online-grocery/search-page-66
BOURSIN,Basil And Chive Fresh Cheese,150 g,"$8.00
 ea.",,$5.33 /100g,,,https://product-images.metro.ca/images/h0b/hc9/11849385017374.jpg,https://www.metro.ca/en/online-grocery/search-page-66
NUTELLA,Hazelnut Spread With Cocoa,200 g,"$3.99
 ea.",,$2.00 /100g,,,https://product-images.metro.ca/images/h07/hc0/11477850980382.jpg,https://www.metro.ca/en/online-grocery/search-page-66
ST-DONAT BAKERY,Pecan Pie,300 g,"$8.99
 ea.",,$3.00 /100g,,,https://product-images.metro.ca/images/h98/hb9/9773801570334.jpg,https://www.metro.ca/en/online-grocery/search-page-66
MELITTA,Traditional Ground Coffee,930 g,"$18.99
 ea.",,$2.04 /100g,,,https://product-images.metro.ca/images/h1f/h71/11714256109598.jpg,https://www.metro.ca/en/online-grocery/search-page-66
PLAISIRS GASTRONOMIQUES,"Chicken, Broccoli And Cheddar Puff Pastry",540 g,"$9.99
 ea.",,$1.85 /100g,,,https://product-images.metro.ca/images/h72/h88/9529776341022.jpg,https://www.metro.ca/en/online-grocery/search-page-66
TRISCUIT,"Dill, Sea Salt And Olive Oil Seasoned Crackers",200 g,"$4.49
 ea.",,$2.25 /100g,,,https://product-images.metro.ca/images/h99/h31/11117340360734.jpg,https://www.metro.ca/en/online-grocery/search-page-66
KNORR,"Creamy Garlic Raffaello Pasta, Sidekicks",137 g,"3 / 
$7.00",,$1.70 /100g,"Regular price
$2.79  ea.","Valid until Jan 24, 2024",,https://www.metro.ca/en/online-grocery/search-page-66
QUAKER,"Corn Bran Toasted Cereal, Squares",375 g,"$5.79
 ea.",,$1.54 /100g,,,,https://www.metro.ca/en/online-grocery/search-page-66
CLASSICO,"Sun-Dried Tomato Pasta Sauce, Di Capri",650 mL,"$5.49
 ea.",,$0.84 /100ml,,,,https://www.metro.ca/en/online-grocery/search-page-66
ST-HUBERT,Mushroom Gravy,398 mL,"$2.69
 ea.",,$0.68 /100ml,,,https://product-images.metro.ca/images/hf0/hc8/10239147311134.jpg,https://www.metro.ca/en/online-grocery/search-page-66
CATELLI,"Soup Noodles, Classic",375 g,"$3.29
 ea.",,$0.88 /100g,,,,https://www.metro.ca/en/online-grocery/search-page-66
DEL MONTE,Sweet Peas,398 mL,"$2.99
 ea.",,$0.75 /100ml,,,https://product-images.metro.ca/images/h01/h07/11068825993246.jpg,https://www.metro.ca/en/online-grocery/search-page-66
GREEN GIANT,Niblets Whole Kernel Corn 1/3 Less Salt,341 mL,"$2.79
 ea.",,$0.82 /100ml,,,https://product-images.metro.ca/images/h36/h6b/9998182776862.jpg,https://www.metro.ca/en/online-grocery/search-page-66
HORMEL,Real Bacon Bits,100 g,"$6.49
 ea.",,$6.49 /100g,"Regular price
$7.49  ea.","Valid until Jan 24, 2024",https://product-images.metro.ca/images/hf4/h6f/11829797093406.jpg,https://www.metro.ca/en/online-grocery/search-page-66
SELECTION,Honey,500 g,"$8.49
 ea.",,$1.70 /100g,,,https://product-images.metro.ca/images/hf6/h75/10715226701854.jpg,https://www.metro.ca/en/online-grocery/search-page-66
CORDON BLEU,"Hamburger Steak Sauce, Classics",398 mL,"$2.49
 ea.",,$0.63 /100ml,"Regular price
$3.79  ea.","Valid until Jan 10, 2024",,https://www.metro.ca/en/online-grocery/search-page-66
VACHON,Chocolate Flavoured 1/2 Moon™ Cakes,"6 cakes, 282 g","3 / 
$10.97",,or $4.99 ea. $0.61 /un.,"Regular price
$5.29  ea.","Valid until Jan 10, 2024",https://product-images.metro.ca/images/h8d/h43/10893965099038.jpg,https://www.metro.ca/en/online-grocery/search-page-67
KNORR,Classic Brown Gravy Mix,1 un,"$2.49
 ea.",,$2.49 /un.,,,https://product-images.metro.ca/images/had/h74/11397236391966.jpg,https://www.metro.ca/en/online-grocery/search-page-67
KNORR,Béchamel Sauce Mix,1 un,"$2.49
 ea.",,$2.49 /un.,,,https://product-images.metro.ca/images/h66/h76/11381616967710.jpg,https://www.metro.ca/en/online-grocery/search-page-67
,Previously Frozen Yellowfin Tuna Steak,,"$7.93
 avg. ea.",(200 g avg.),$39.66 /kg$17.99 /lb.,,,https://product-images.metro.ca/images/h59/hb8/8886334291998.jpg,https://www.metro.ca/en/online-grocery/search-page-67
FLAMINGO,Classic Cooked Turkey Breast Roast,,"$3.99
 / 100 g",,$39.90 /kg$18.10 /lb.,,,https://product-images.metro.ca/images/hbc/heb/9742404223006.jpg,https://www.metro.ca/en/online-grocery/search-page-67
THE DELI-SHOP,Toupie Style Smoked Quarter Ham,A tray contains on average 1000 g,"$13.21
 / 1000 g",,$13.21 /kg$5.99 /lb.,"Regular price
$14.31  / kg","Valid until Jan 17, 2024",https://product-images.metro.ca/images/hd9/ha0/8884586217502.jpg,https://www.metro.ca/en/online-grocery/search-page-67
IRRESISTIBLES,Parmigiano Reggiano Cheese Aged 24 Months,1 piece,"$12.74
 avg. ea.",(232 g avg.),$54.90 /kg$24.90 /lb.,,,https://product-images.metro.ca/images/h63/h7c/9203734544414.jpg,https://www.metro.ca/en/online-grocery/search-page-67
PRIMO,Lentils,540 mL,"$2.69
 ea.",,$0.50 /100ml,,,https://product-images.metro.ca/images/hc6/hd7/11679627444254.jpg,https://www.metro.ca/en/online-grocery/search-page-67
IRRESISTIBLES,"Roasted Seasoned Turkey Breast, Artisan",,"$4.49
 / 100 g",,$44.90 /kg$20.37 /lb.,"Regular price
$47.90  / kg","Valid until Jan 10, 2024",,https://www.metro.ca/en/online-grocery/search-page-67
CORDON BLEU,3 Peppercorn Sauce,284 mL,"$2.49
 ea.",,$0.88 /100ml,"Regular price
$3.79  ea.","Valid until Jan 10, 2024",https://product-images.metro.ca/images/hd0/h5d/9811345506334.jpg,https://www.metro.ca/en/online-grocery/search-page-67
7UP,Soft Drink,6x710 mL,"$6.49
 ea.",,$0.15 /100ml,,,https://product-images.metro.ca/images/hfc/hc8/10139305771038.jpg,https://www.metro.ca/en/online-grocery/search-page-67
KRAFT,Greek Feta And Oregano Dressing & Marinade,475 mL,"$4.49
 ea.",,$0.95 /100ml,,,https://product-images.metro.ca/images/hd3/hce/9986879389726.jpg,https://www.metro.ca/en/online-grocery/search-page-67
LACTANTIA,"2% Milk, PurFiltre",1.5 L,"$5.29
 ea.",,$0.35 /100ml,,,,https://www.metro.ca/en/online-grocery/search-page-67
MR. NOODLES,Vegetable Flavour Instant Noodles,85 g,"2 / 
$1.00",,$0.59 /100g,"Regular price
$0.75  ea.","Valid until Jan 24, 2024",https://product-images.metro.ca/images/h5d/hf4/8844701171742.jpg,https://www.metro.ca/en/online-grocery/search-page-67
WRIGLEY'S,"Winterfresh® Flavoured Sugar-Free Gum, Excel",1 un,"$1.89
 ea.",,$1.89 /un.,,,,https://www.metro.ca/en/online-grocery/search-page-67
DRUMSTICK,Cookies And Cream Dessert Cones,4x135 mL,"$5.99
 ea.",,$1.11 /100ml,"Regular price
$8.79  ea.","Valid until Jan 24, 2024",https://product-images.metro.ca/images/hd1/h6e/10143801638942.jpg,https://www.metro.ca/en/online-grocery/search-page-67
YOPLAIT,"3% Assorted Flavoured Fresh Cheese, Minigo",6x60 g,"$3.33
 ea.",,$0.93 /100g,"Regular price
$4.29  ea.","Valid until Feb 14, 2024",,https://www.metro.ca/en/online-grocery/search-page-67
GENERAL MILLS,"Chocolate Cereal, Nesquik",340 g,"$5.99
 ea.",,$1.76 /100g,,,,https://www.metro.ca/en/online-grocery/search-page-67
LIPTON,Reduced Salt Chicken Noodle Soup Mix,2 un,"$2.69
 ea.",,$1.35 /un.,,,https://product-images.metro.ca/images/ha7/h71/11381609922590.jpg,https://www.metro.ca/en/online-grocery/search-page-67
NESTLÉ,"Rolo® Frozen Dessert, Rolo",1.5 L,"$5.99
 ea.",,$0.40 /100ml,"Regular price
$7.99  ea.","Valid until Jan 24, 2024",,https://www.metro.ca/en/online-grocery/search-page-67
PHILADELPHIA,"Roasted Red Pepper And Garlic Cream Cheese, Whipped",227 g,"$6.49
 ea.",,$2.86 /100g,,,,https://www.metro.ca/en/online-grocery/search-page-67
SELECTION,Unbleached Flour,2.5 kg,"$4.49
 ea.",,$0.18 /100g,"Regular price
$5.49  ea.","Valid until Feb 7, 2024",https://product-images.metro.ca/images/h59/he7/9096929968158.jpg,https://www.metro.ca/en/online-grocery/search-page-67
LA CAGE,Frozen Breaded Chicken Fillets,550 g,"$8.99
 ea.",,$1.63 /100g,"Regular price
$15.99  ea.","Valid until Jan 10, 2024",https://product-images.metro.ca/images/h6f/hf6/11493009293342.jpg,https://www.metro.ca/en/online-grocery/search-page-67
WRIGLEY'S,"Polar Ice Flavoured Sugar-Free Gum, Excel",1 un,"$1.89
 ea.",,$1.89 /un.,,,,https://www.metro.ca/en/online-grocery/search-page-67
MADEGOOD,Chocolate Chip Granola Bars,5x24 g,"$3.99
 ea.",,$3.32 /100g,"Regular price
$4.99  ea.","Valid until Feb 7, 2024",https://product-images.metro.ca/images/hbc/h62/11696055779358.jpg,https://www.metro.ca/en/online-grocery/search-page-67
METROGO!,Greek-Style Salad,,"$5.06
 avg. ea.",(175 g avg.),$28.90 /kg$13.11 /lb.,,,https://product-images.metro.ca/images/hc5/h6d/11926692298782.jpg,https://www.metro.ca/en/online-grocery/search-page-67
DEL MONTE,French Style Seasoned Green Beans,398 mL,"$2.99
 ea.",,$0.75 /100ml,,,https://product-images.metro.ca/images/h8d/h21/10365176053790.jpg,https://www.metro.ca/en/online-grocery/search-page-67
IRRESISTIBLES,Chocolate Chip And Banana Muffins,"4 muffins, 400 g","$6.49
 ea.",,$1.62 /100g,,"Valid until Jan 10, 2024",https://product-images.metro.ca/images/h9a/h62/10475421696030.jpg,https://www.metro.ca/en/online-grocery/search-page-67
KELLOGG'S,"Meal Replacement Cereal Jumbo Size, Vector",850 g,"$8.99
 ea.",,$1.06 /100g,,,,https://www.metro.ca/en/online-grocery/search-page-67
ROMA,Smoke Flavoured Pepperoni Caserta,200 g,"$3.49
 ea.",,$1.75 /100g,"Regular price
$3.99  ea.","Valid until Jan 17, 2024",https://product-images.metro.ca/images/he4/h60/11188424736798.jpg,https://www.metro.ca/en/online-grocery/search-page-67
PREMIÈRE MOISSON,Chocolate Twists,4x80 g,"$6.99
 ea.",,$2.18 /100g,,,https://product-images.metro.ca/images/hf0/h82/10279039893534.jpg,https://www.metro.ca/en/online-grocery/search-page-68
SELECTION,Pineapple Slices In Pineapple Juice,540 mL,"$2.29
 ea.",,$0.42 /100ml,"Regular price
$2.69  ea.","Valid until Feb 7, 2024",https://product-images.metro.ca/images/h26/he1/9858090270750.jpg,https://www.metro.ca/en/online-grocery/search-page-68
ANNIE'S,Shells And White Cheddar Macaroni,170 g,"$3.69
 ea.",,$2.17 /100g,,,https://product-images.metro.ca/images/h6f/h71/10308020830238.jpg,https://www.metro.ca/en/online-grocery/search-page-68
YOPLAIT,"3% Strawberry, Strawberry And Banana, And Strawberry...",6x60 g,"$3.33
 ea.",,$0.93 /100g,"Regular price
$4.29  ea.","Valid until Feb 14, 2024",,https://www.metro.ca/en/online-grocery/search-page-68
,Carrots With Tops,1 bunch,"$2.99
 ea.",,$2.99 /un.,,,https://product-images.metro.ca/images/hc2/h9c/8874234707998.jpg,https://www.metro.ca/en/online-grocery/search-page-68
ACTIVIA,2.9% Probiotic Yogurts Variety Pack,12x100 g,"$8.69
 ea.",,$0.72 /100g,,,https://product-images.metro.ca/images/hd0/hba/11351649845278.jpg,https://www.metro.ca/en/online-grocery/search-page-68
PALMOLIVE,"Original Dishwashing Liquid Soap, Essential Clean",828 mL,"$2.99
 ea.",,$0.36 /100ml,"Regular price
$3.99  ea.","Valid until Feb 7, 2024",,https://www.metro.ca/en/online-grocery/search-page-68
OASIS,Exotic Mango Fruit Juice,960 mL,"$2.39
 ea.",,$0.25 /100ml,,,https://product-images.metro.ca/images/h54/hc8/11513925500958.jpg,https://www.metro.ca/en/online-grocery/search-page-68
,Red Hothouse Tomatoes,4 units per package,"$4.99
 ea.",,$1.10 /100g,,,https://product-images.metro.ca/images/h87/h25/11492998447134.jpg,https://www.metro.ca/en/online-grocery/search-page-68
ACTIVIA,2.9% Lactose-Free Probiotic Yogurts Variety Pack,12x100 g,"$8.69
 ea.",,$0.72 /100g,,,https://product-images.metro.ca/images/hbc/h0b/11570815008798.jpg,https://www.metro.ca/en/online-grocery/search-page-68
DAINTY,"Basmati Rice, World Classics",900 g,"$8.49
 ea.",,$0.94 /100g,,,,https://www.metro.ca/en/online-grocery/search-page-68
DARE,"Brownie Sticks, Whippet",250 g,"$4.49
 ea.",,$1.80 /100g,,,,https://www.metro.ca/en/online-grocery/search-page-68
MINUTE MAID,Frozen Concentrated Lemonade,295 mL,"$1.99
 ea.",,$0.67 /100ml,,,https://product-images.metro.ca/images/h34/h9a/10495701778462.jpg,https://www.metro.ca/en/online-grocery/search-page-68
CATELLI,"Rotini, Classic",500 g,"$2.99
 ea.",,$0.60 /100g,,,,https://www.metro.ca/en/online-grocery/search-page-68
METROGO!,Wild Fruit Platter,,"$9.99
 ea.",,$1.43 /100g,"Regular price
$11.99  ea.","Valid until Jan 10, 2024",https://product-images.metro.ca/images/hde/h63/8837208768542.jpg,https://www.metro.ca/en/online-grocery/search-page-68
SELECTION,Hamburger Steak Sauce,398 mL,"$2.19
 ea.",,$0.55 /100ml,,,https://product-images.metro.ca/images/hf8/hfd/11198069604382.jpg,https://www.metro.ca/en/online-grocery/search-page-68
PEPPERIDGE FARM,"Cheddar Flavoured Crackers Snack Packs, Goldfish",6x28 g,"$3.49
 ea.",,$2.08 /100g,"Regular price
$4.19  ea.","Valid until Jan 10, 2024",,https://www.metro.ca/en/online-grocery/search-page-68
PARLOUR,Butterscotch Flavoured Sundae Frozen Dessert,1.5 L,"$5.99
 ea.",,$0.40 /100ml,,,https://product-images.metro.ca/images/h5f/h9b/11191485497374.jpg,https://www.metro.ca/en/online-grocery/search-page-68
HERSHEY'S,Creamy Milk Chocolate Bar With Whole Almonds,43 g,"$1.69
 ea.",,$3.93 /100g,,,https://product-images.metro.ca/images/h13/h95/9542754992158.jpg,https://www.metro.ca/en/online-grocery/search-page-68
SELECTION,Medium Salsa,650 mL,"$4.99
 ea.",,$0.77 /100ml,,,https://product-images.metro.ca/images/heb/hdd/8854042869790.jpg,https://www.metro.ca/en/online-grocery/search-page-68
RUSTICA,Traditional Tomato Pizza,750 g,"$8.99
 ea.",,$1.20 /100g,,,https://product-images.metro.ca/images/hf7/h99/10101030879262.jpg,https://www.metro.ca/en/online-grocery/search-page-68
TRE STELLE,Light Ricotta,475 g,"$8.29
 ea.",,$1.75 /100g,"Regular price
$8.99  ea.","Valid until Jan 17, 2024",https://product-images.metro.ca/images/h22/h5c/10821293015070.jpg,https://www.metro.ca/en/online-grocery/search-page-68
KELLOGG'S,"Red Berries Cereal, Special K",320 g,"$4.49
 ea.",,$1.40 /100g,"Regular price
$7.29  ea.","Valid until Jan 10, 2024",,https://www.metro.ca/en/online-grocery/search-page-68
TOSTITOS,"Medium Salsa With Real Cheese, Salsa Con Queso",628 mL,"$5.99
 ea.",,$0.95 /100ml,,,,https://www.metro.ca/en/online-grocery/search-page-68
MR. NOODLES,Chicken Flavoured Instant Noodles Cup,64 g,"$1.29
 ea.",,$2.02 /100g,"Regular price
$1.49  ea.","Valid until Jan 24, 2024",https://product-images.metro.ca/images/h60/h24/10170644070430.jpg,https://www.metro.ca/en/online-grocery/search-page-68
LE SUPERBE,Swiss Gruyere Cheese,1 piece,"$11.66
 avg. ea.",(160 g avg.),$72.90 /kg$33.07 /lb.,,,https://product-images.metro.ca/images/h1e/h4b/8886724984862.jpg,https://www.metro.ca/en/online-grocery/search-page-68
KELLOGG'S,"Meal Replacement Cereal, Vector",400 g,"$4.49
 ea.",,$1.12 /100g,"Regular price
$6.99  ea.","Valid until Jan 10, 2024",,https://www.metro.ca/en/online-grocery/search-page-68
ST-HUBERT,Hot Chicken Sandwich Homestyle Gravy Mix With 25% Le...,57 g,"3 / 
$5.00",,$2.92 /100g,"Regular price
$2.39  ea.","Valid until Jan 10, 2024",,https://www.metro.ca/en/online-grocery/search-page-68
JELL-O,Strawberry Flavoured Gel Snacks,4x89 g,"2 / 
$8.00",,$1.12 /100g,"Regular price
$4.79  ea.","Valid until Feb 14, 2024",https://product-images.metro.ca/images/hc3/h7c/9987036610590.jpg,https://www.metro.ca/en/online-grocery/search-page-68
KNORR,Green Peppercorn Sauce Mix,1 un,"$2.49
 ea.",,$2.49 /un.,,,https://product-images.metro.ca/images/h0f/h50/11461754454046.jpg,https://www.metro.ca/en/online-grocery/search-page-68
NESQUIK,Chocolate Syrup,700 mL,"$5.99
 ea.",,$0.86 /100ml,"Regular price
$6.79  ea.","Valid until Feb 7, 2024",https://product-images.metro.ca/images/ha2/h53/12349516873758.jpg,https://www.metro.ca/en/online-grocery/search-page-69
PREMIÈRE MOISSON,Walnut Sourdough Bread,500 g,"$6.99
 ea.",,$1.40 /100g,,,https://product-images.metro.ca/images/hbb/h2b/11541042692126.jpg,https://www.metro.ca/en/online-grocery/search-page-69
FRESH ATTITUDE,Greek Salad Mix With Toppings,185 g,"$6.99
 ea.",,$3.78 /100g,,,https://product-images.metro.ca/images/h84/h60/9751029448734.jpg,https://www.metro.ca/en/online-grocery/search-page-69
THAI KITCHEN,Premium Coconut Milk,400 mL,"$4.19
 ea.",,$1.05 /100ml,,,https://product-images.metro.ca/images/ha6/hdd/10778594639902.jpg,https://www.metro.ca/en/online-grocery/search-page-69
SELECTION,Milk Chocolate Chips,270 g,"$3.49
 ea.",,$1.29 /100g,"Regular price
$3.99  ea.","Valid until Feb 7, 2024",https://product-images.metro.ca/images/h88/hec/8848492462110.jpg,https://www.metro.ca/en/online-grocery/search-page-69
QUAKER,"Tomato And Basil Flavoured Brown Rice Cakes, Crispy ...",173 g,"$3.99
 ea.",,$2.31 /100g,,,,https://www.metro.ca/en/online-grocery/search-page-69
SELECTION,Havarti Cheese,250 g,"$5.29
 ea.",,$2.12 /100g,,,https://product-images.metro.ca/images/h44/h77/9651676086302.jpg,https://www.metro.ca/en/online-grocery/search-page-69
NESTLÉ,"Chocolate Bars, Kit Kat",4x45 g,"$5.99
 ea.",,$3.33 /100g,,,,https://www.metro.ca/en/online-grocery/search-page-69
GASPÉSIEN,Cooked Ham,200 g,"$7.79
 ea.",,$3.90 /100g,,,https://product-images.metro.ca/images/hf3/hdc/11449517867038.jpg,https://www.metro.ca/en/online-grocery/search-page-69
KRAFT,Thousand Island Dressing,475 mL,"$4.49
 ea.",,$0.95 /100ml,,,https://product-images.metro.ca/images/hc6/h65/9987091628062.jpg,https://www.metro.ca/en/online-grocery/search-page-69
TRE STELLE,Extra Smooth Ricotta Cheese,475 g,"$8.29
 ea.",,$1.75 /100g,"Regular price
$8.99  ea.","Valid until Jan 17, 2024",https://product-images.metro.ca/images/h45/hdb/10821294948382.jpg,https://www.metro.ca/en/online-grocery/search-page-69
GRISSOL,"Original Round Cracker, Melba Canapé",150 g,"$1.99
 ea.",,$1.33 /100g,"Regular price
$4.29  ea.","Valid until Jan 10, 2024",,https://www.metro.ca/en/online-grocery/search-page-69
MASTRO,Lactose Free Sliced Hot Calabrese Salami,125 g,"$7.49
 ea.",,$5.99 /100g,"Regular price
$7.99  ea.","Valid until Jan 17, 2024",https://product-images.metro.ca/images/hc4/h77/11849455468574.jpg,https://www.metro.ca/en/online-grocery/search-page-69
IRRESISTIBLES,"Cut Wax Beans, Life Smart",398 mL,"$2.29
 ea.",,$0.58 /100ml,,,,https://www.metro.ca/en/online-grocery/search-page-69
KRAFT,"Balsamic Vinaigrette Dressing & Marinade, Calorie Wise",475 mL,"$4.49
 ea.",,$0.95 /100ml,,,,https://www.metro.ca/en/online-grocery/search-page-69
OLD EL PASO,"Taco Seasoning Mix, Hot & Spicy",24 g,"2 / 
$3.00",,$6.25 /100g,"Regular price
$2.49  ea.","Valid until Jan 24, 2024",,https://www.metro.ca/en/online-grocery/search-page-69
RENÉE'S GOURMET,Light Caesar Salad Dressing,355 mL,"$5.99
 ea.",,$1.69 /100ml,,,https://product-images.metro.ca/images/h54/hcb/9986768568350.jpg,https://www.metro.ca/en/online-grocery/search-page-69
QUAKER,"Caramel Corn Flavoured Brown Rice Cakes, Crispy Minis",186 g,"$3.99
 ea.",,$2.15 /100g,,,,https://www.metro.ca/en/online-grocery/search-page-69
CADBURY,"Fruit And Nut Milk Chocolate Bar, Dairy Milk",100 g,"$2.99
 ea.",,$2.99 /100g,"Regular price
$3.49  ea.","Valid until Jan 24, 2024",,https://www.metro.ca/en/online-grocery/search-page-69
EAGLE BRAND,Low Fat Sweetened Condensed Milk,300 mL,"$3.99
 ea.",,$1.33 /100ml,"Regular price
$5.29  ea.","Valid until Feb 7, 2024",https://product-images.metro.ca/images/h1a/h9b/10518834249758.jpg,https://www.metro.ca/en/online-grocery/search-page-69
MIKES,Homestyle 3-Meat Sauce,700 mL,"$6.79
 ea.",,$0.97 /100ml,,,https://product-images.metro.ca/images/hba/h87/10529535164446.jpg,https://www.metro.ca/en/online-grocery/search-page-69
HYGRADE,Frankfurter Wieners,225 g,"$4.99
 ea.",,$2.22 /100g,,,https://product-images.metro.ca/images/h50/hc3/11590589677598.jpg,https://www.metro.ca/en/online-grocery/search-page-69
LINDT,"Milk Chocolate Bar, Swiss Classic",100 g,"$3.49
 ea.",,$3.49 /100g,"Regular price
$3.99  ea.","Valid until Jan 24, 2024",,https://www.metro.ca/en/online-grocery/search-page-69
CAMPBELL'S,Condensed Beef Broth,284 mL,"$2.29
 ea.",,$0.81 /100ml,"Regular price
$2.99  ea.","Valid until Jan 24, 2024",https://product-images.metro.ca/images/he3/hf7/9522267848734.jpg,https://www.metro.ca/en/online-grocery/search-page-69
CATCH OF THE DAY,Frozen Pacific Wild Salmon Fillets,680 g,"$19.99
 ea.",,$2.94 /100g,,,https://product-images.metro.ca/images/h23/hd9/11272699215902.jpg,https://www.metro.ca/en/online-grocery/search-page-69
IRRESISTIBLES,"Hardwood Smoked Pork Loin, Artisan",,"$3.69
 / 100 g",,$36.90 /kg$16.74 /lb.,"Regular price
$38.90  / kg","Valid until Jan 17, 2024",,https://www.metro.ca/en/online-grocery/search-page-69
KELLOGG'S,"Strawberry Flavoured Fruit Crisps, Special K","10 bars,125 g","$2.99
 ea.",,$2.39 /100g,"Regular price
$4.49  ea.","Valid until Jan 10, 2024",,https://www.metro.ca/en/online-grocery/search-page-69
CLOVER LEAF,Sundried Tomato And Basil Flaked Light Tuna,85 g,"$1.99
 ea.",,$2.34 /100g,"Regular price
$2.49  ea.","Valid until Jan 10, 2024",https://product-images.metro.ca/images/h64/ha3/11374799880222.jpg,https://www.metro.ca/en/online-grocery/search-page-69
BUSH'S BEST,Original Canned Baked Beans,398 mL,"$2.99
 ea.",,$0.75 /100ml,,,https://product-images.metro.ca/images/hec/h6d/11829816033310.jpg,https://www.metro.ca/en/online-grocery/search-page-69
DR. OETKER,"Frozen Classic Canadian Thin Crust Pizza, Casa Di Mama",410 g,"$6.99
 ea.",,$1.70 /100g,"Regular price
$7.49  ea.","Valid until Feb 14, 2024",,https://www.metro.ca/en/online-grocery/search-page-69
MOTT'S,"Unsweetened Apple, Strawberry & Kiwi Sauce, Fruitsat...",6x111 g,"$3.49
 ea.",,$0.52 /100g,,,,https://www.metro.ca/en/online-grocery/search-page-70
WRIGLEY'S,"Bubblemint Flavoured Sugar-Free Gum, Excel White",1 un,"$1.89
 ea.",,$1.89 /un.,,,,https://www.metro.ca/en/online-grocery/search-page-70
ST-HUBERT,Chicken Rice Soup With 25% Less Salt,540 mL,"$3.99
 ea.",,$0.74 /100ml,,,https://product-images.metro.ca/images/h2e/h22/10402317107230.jpg,https://www.metro.ca/en/online-grocery/search-page-70
SNACK PACK,Vanilla Pudding Cups,4x99 g,"$2.99
 ea.",,$0.75 /un.,,,https://product-images.metro.ca/images/hbd/h57/12174898528286.jpg,https://www.metro.ca/en/online-grocery/search-page-70
MINUTE MAID,Fruit Punch,10x200 mL,"$4.79
 ea.",,$0.24 /100ml,,,https://product-images.metro.ca/images/h16/hc2/10495630409758.jpg,https://www.metro.ca/en/online-grocery/search-page-70
LECLERC,Finger Cookies In A 45% Cocoa Dark Chocolate Coating...,240 g,"$4.49
 ea.",,$1.87 /100g,,,,https://www.metro.ca/en/online-grocery/search-page-70
SELECTION,Italian Style Breadcrumbs,425 g,"$2.49
 ea.",,$0.59 /100g,,,https://product-images.metro.ca/images/h2c/hb6/9518828453918.jpg,https://www.metro.ca/en/online-grocery/search-page-70
PURE LIFE,Orange Flavoured Sparkling Spring Water,1 L,"$0.99
 ea.",,$0.10 /100ml,,,https://product-images.metro.ca/images/h01/ha6/11614454317086.jpg,https://www.metro.ca/en/online-grocery/search-page-70
IRRESISTIBLES,Semi-Strong Cocktail Sauce,250 mL,"$4.49
 ea.",,$1.80 /100ml,"Regular price
$4.99  ea.","Valid until Jan 17, 2024",https://product-images.metro.ca/images/h9d/hab/9518655930398.jpg,https://www.metro.ca/en/online-grocery/search-page-70
SELECTION,9" Graham Pie Crust,170 g,"$3.29
 ea.",,$1.94 /100g,,,,https://www.metro.ca/en/online-grocery/search-page-70
SELECTION,Aluminum Foil - 100',30.48 m,"$6.49
 ea.",,$0.21 /m,,,https://product-images.metro.ca/images/h51/hb3/8814426521630.jpg,https://www.metro.ca/en/online-grocery/search-page-70
SELECTION,Premium Cocoa,227 g,"$4.69
 ea.",,$2.07 /100g,,,https://product-images.metro.ca/images/h2a/h28/8909973061662.jpg,https://www.metro.ca/en/online-grocery/search-page-70
WRIGLEY'S,"Bottle Of Polar Ice® Flavoured Chewing Gum, Excel",60 un,"$6.29
 ea.",,$0.10 /un.,,,,https://www.metro.ca/en/online-grocery/search-page-70
HABITANT,Chicken Soup With Egg Noodles,796 mL,"$3.99
 ea.",,$0.50 /100ml,,,https://product-images.metro.ca/images/h3f/h29/10239148458014.jpg,https://www.metro.ca/en/online-grocery/search-page-70
KRAFT,"Zesty Italian Dressing, Pure",475 mL,"$4.49
 ea.",,$0.95 /100ml,,,,https://www.metro.ca/en/online-grocery/search-page-70
CATELLI,"Small Bows Soup Pasta, Classic",325 g,"$3.29
 ea.",,$1.01 /100g,,,,https://www.metro.ca/en/online-grocery/search-page-70
OIKOS,0% Vanilla Flavoured Greek Yogurt,750 g,"$7.99
 ea.",,$1.07 /100g,,,https://product-images.metro.ca/images/hbe/hac/11614492262430.jpg,https://www.metro.ca/en/online-grocery/search-page-70
IRRESISTIBLES,Walnuts,250 g,"$6.99
 ea.",,$2.80 /100g,"Regular price
$8.99  ea.","Valid until Jan 10, 2024",https://product-images.metro.ca/images/he1/h33/9051583381534.jpg,https://www.metro.ca/en/online-grocery/search-page-70
IRRESISTIBLES,"Deep Dish Blueberry Pie, Artisan",454 g,"$6.29
 ea.",,$1.39 /100g,,,,https://www.metro.ca/en/online-grocery/search-page-70
TOUR EIFFEL,Shaved Parisian Cooked Ham In Individual Portions,175 g,"$6.99
 ea.",,$3.99 /100g,,,https://product-images.metro.ca/images/h9d/h95/9742277541918.jpg,https://www.metro.ca/en/online-grocery/search-page-70
ASTRO,Assorted Flavour 4% Balkan Style Yogurt Variety Pack...,12x100 g,"$4.99
 ea.",,$0.42 /100g,"Regular price
$6.79  ea.","Valid until Feb 14, 2024",,https://www.metro.ca/en/online-grocery/search-page-70
IRRESISTIBLES,Blueberry Muffins,"4 muffins, 400 g","$6.49
 ea.",,$1.62 /100g,,"Valid until Jan 10, 2024",https://product-images.metro.ca/images/h53/h32/10475418058782.jpg,https://www.metro.ca/en/online-grocery/search-page-70
SELECTION,Garden Vegetable Crackers,225 g,"$3.79
 ea.",,$1.68 /100g,,,https://product-images.metro.ca/images/hc3/h7b/10822681853982.jpg,https://www.metro.ca/en/online-grocery/search-page-70
METROGO!,Mixed Vegetable With Ranch Dip,,"$9.99
 ea.",,$1.82 /100g,,,https://product-images.metro.ca/images/h6e/h2e/8837206409246.jpg,https://www.metro.ca/en/online-grocery/search-page-70
PEEK FREANS,"Bran Crunch Biscuits, LifeStyle",275 g,"$3.79
 ea.",,$1.38 /100g,"Regular price
$4.99  ea.","Valid until Jan 24, 2024",,https://www.metro.ca/en/online-grocery/search-page-70
SELECTION,"Cherry, Orange And Lime Flavoured Icy Pops, Fruity F...",24x60 mL,"$6.29
 ea.",,$0.44 /100ml,,,,https://www.metro.ca/en/online-grocery/search-page-70
SELECTION,Blanched Sliced Almonds,100 g,"$4.19
 ea.",,$4.19 /100g,,,https://product-images.metro.ca/images/h9d/h2f/10715311243294.jpg,https://www.metro.ca/en/online-grocery/search-page-70
METROGO!,Fruit Platter With Chocolate Fondue,1.26 kg,"$15.99
 ea.",,$1.33 /100g,,,https://product-images.metro.ca/images/ha5/hca/8837311463454.jpg,https://www.metro.ca/en/online-grocery/search-page-70
REAL DAIRY,Maple And Walnut Flavoured Ice Cream,1.5 L,"$5.99
 ea.",,$0.40 /100ml,"Regular price
$7.99  ea.","Valid until Jan 24, 2024",https://product-images.metro.ca/images/h61/h1c/11521039171614.jpg,https://www.metro.ca/en/online-grocery/search-page-70
SAPUTO,Mini Bocconcini Cheese,200 g,"$7.99
 ea.",,$4.00 /100g,,,https://product-images.metro.ca/images/ha3/h38/11307063967774.jpg,https://www.metro.ca/en/online-grocery/search-page-70
TENDERFLAKE,Frozen Regular Pie Shells,320 g,"$4.29
 ea.",,$1.34 /100g,,,https://product-images.metro.ca/images/hbe/h9d/11642904477726.jpg,https://www.metro.ca/en/online-grocery/search-page-71
SELECTION,Potato Salad,454 g,"$2.99
 ea.",,$0.66 /100g,"Regular price
$3.49  ea.","Valid until Jan 10, 2024",https://product-images.metro.ca/images/hc2/hea/11521049165854.jpg,https://www.metro.ca/en/online-grocery/search-page-71
QUAKER,"Sweetened Corn And Oat Cereal, Cap'N Crunch",350 g,"$5.79
 ea.",,$1.65 /100g,,,,https://www.metro.ca/en/online-grocery/search-page-71
,Russet Potatoes,5 lb,"$4.99
 ea.",,$0.22 /100g,,,https://product-images.metro.ca/images/h64/h66/10424154751006.jpg,https://www.metro.ca/en/online-grocery/search-page-71
KICKING HORSE,Organic Kick Ass Coffee Beans,454 g,"$13.99
 ea.",,$3.08 /100g,"Regular price
$18.99  ea.","Valid until Feb 7, 2024",https://product-images.metro.ca/images/h18/h13/11883384832030.jpg,https://www.metro.ca/en/online-grocery/search-page-71
COORS LIGHT,Light Lager Beer,12x355 mL - cans,"$21.99
 ea.",,$0.52 /100ml,,,https://product-images.metro.ca/images/h79/h88/11513941196830.jpg,https://www.metro.ca/en/online-grocery/search-page-71
IRRESISTIBLES,Frozen Shell-On Raw Pacific White Shrimp,340 g,"$10.00
 ea.",,$2.94 /100g,"Regular price
$11.99  ea.","Valid until Jan 17, 2024",https://product-images.metro.ca/images/hfc/h22/9143391387678.jpg,https://www.metro.ca/en/online-grocery/search-page-71
BETTY CROCKER,"Berry Flavoured Fruit Rolls Snacks, Fruit-By-Foot",128 g,"2 / 
$6.00",,or $3.99 ea. $2.34 /100g,,"Valid until Feb 7, 2024",,https://www.metro.ca/en/online-grocery/search-page-71
ORVILLE REDENBACHER,"Buttery Flavoured Popping Corn, Gourmet",246 g,"$4.29
 ea.",,$1.74 /100g,,,,https://www.metro.ca/en/online-grocery/search-page-71
EL-MA-MIA,Spicy Spice Mix For Spaghetti Meat Sauce,110 g,"2 / 
$8.50",,$3.86 /100g,"Regular price
$4.99  ea.","Valid until Feb 7, 2024",https://product-images.metro.ca/images/h6b/h48/11892965736478.jpg,https://www.metro.ca/en/online-grocery/search-page-71
SELECTION,Frozen Asian Vegetable Blend,750 g,"$3.49
 ea.",,$0.47 /100g,"Regular price
$4.49  ea.","Valid until Jan 10, 2024",https://product-images.metro.ca/images/h07/h11/9684961722398.jpg,https://www.metro.ca/en/online-grocery/search-page-71
PEPSI,Diet Soft Drink,2 L,"2 / 
$6.00",,$0.15 /100ml,"Regular price
$3.49  ea.","Valid until Jan 24, 2024",https://product-images.metro.ca/images/had/h67/12354342486046.jpg,https://www.metro.ca/en/online-grocery/search-page-71
OASIS,"Fruit Fusion Fruit Juice Boxes, Hydrafruit",8x200 mL,"$5.79
 ea.",,$0.36 /100ml,,,,https://www.metro.ca/en/online-grocery/search-page-71
DOLE,Diced Peach Cups In Water With No Added Sugar,4x107 mL,"$4.49
 ea.",,$1.05 /100ml,,,https://product-images.metro.ca/images/h57/h86/11477815787550.jpg,https://www.metro.ca/en/online-grocery/search-page-71
DARE,"On The Go Veggie Bite Size Crackers, Breton","6 packs, 132 g","$1.99
 ea.",,$1.51 /100g,"Regular price
$4.29  ea.","Valid until Jan 10, 2024",,https://www.metro.ca/en/online-grocery/search-page-71
SWIFFER,"Open Window Fresh Scented Wet Mopping Pad Refills, W...",12 un,"$8.99
 ea.",,$0.75 /un.,,,,https://www.metro.ca/en/online-grocery/search-page-71
IRRESISTIBLES,Sun-Dried Tomato Pesto,270 mL,"$4.49
 ea.",,$1.66 /100ml,"Regular price
$4.99  ea.","Valid until Jan 24, 2024",https://product-images.metro.ca/images/h57/h89/10039356063774.jpg,https://www.metro.ca/en/online-grocery/search-page-71
HUNT'S,Onion Herbs And Spices Tomato Sauce,398 mL,"$2.59
 ea.",,$0.65 /100ml,,,https://product-images.metro.ca/images/hb7/h9f/11679633604638.jpg,https://www.metro.ca/en/online-grocery/search-page-71
SMOKY BAY,Australian Red Wine,1 L,"$13.49
 ea.",,$1.35 /100ml,"Regular price
$14.99  ea.","Valid until Feb 7, 2024",https://product-images.metro.ca/images/hae/hcc/8964255481886.jpg,https://www.metro.ca/en/online-grocery/search-page-71
OLD EL PASO,Soft Taco Dinner Kit,400 g,"$6.99
 ea.",,$1.75 /100g,,,https://product-images.metro.ca/images/hf1/h35/12354361884702.jpg,https://www.metro.ca/en/online-grocery/search-page-71
BUD LIGHT,Light Blonde Lager Beer,30x355 mL - cans,"$42.99
 ea.",,$0.40 /100ml,"Regular price
$44.49  ea.","Valid until Jan 10, 2024",https://product-images.metro.ca/images/ha3/hfb/10123518640158.jpg,https://www.metro.ca/en/online-grocery/search-page-71
DR. OETKER,"Frozen Bacon Thin Crust Pizza, Casa Di Mama",405 g,"$6.99
 ea.",,$1.73 /100g,"Regular price
$7.49  ea.","Valid until Feb 14, 2024",,https://www.metro.ca/en/online-grocery/search-page-71
DUBRETON,Organic Bacon,250 g,"$11.99
 ea.",,$4.80 /100g,,,https://product-images.metro.ca/images/h0f/h4d/11401333276702.jpg,https://www.metro.ca/en/online-grocery/search-page-71
JELL-O,Raspberry Jelly Powder,85 g,"$1.59
 ea.",,$1.87 /100g,,,https://product-images.metro.ca/images/h61/ha0/9986876866590.jpg,https://www.metro.ca/en/online-grocery/search-page-71
IRRESISTIBLES,Grapeseed Oil,750 mL,"$9.99
 ea.",,$1.33 /100ml,"Regular price
$10.99  ea.","Valid until Feb 7, 2024",https://product-images.metro.ca/images/h59/h2c/11161695256606.jpg,https://www.metro.ca/en/online-grocery/search-page-71
JOHNSONVILLE,Smoked And Fully Cooked Cheddar Cheese Sausages,375 g,"$7.49
 ea.",,$2.00 /100g,,,https://product-images.metro.ca/images/heb/h51/9530981482526.jpg,https://www.metro.ca/en/online-grocery/search-page-71
REDPATH,Granulated Sugar,900 g,"$2.99
 ea.",,$0.33 /100g,"Regular price
$5.29  ea.","Valid until Feb 7, 2024",https://product-images.metro.ca/images/h7b/h7f/10727332446238.jpg,https://www.metro.ca/en/online-grocery/search-page-71
EXCELDOR,Ground Chicken,1 pack,"$7.96
 avg. ea.",(425 g avg.),$18.72 /kg$8.49 /lb.,,,https://product-images.metro.ca/images/h0e/hb4/9667790405662.jpg,https://www.metro.ca/en/online-grocery/search-page-71
LAFLEUR,Pork And Beef & Pork And Maple Sausage Duo,675 g,"$10.99
 ea.",,$1.63 /100g,,,https://product-images.metro.ca/images/h04/h48/9742428602398.jpg,https://www.metro.ca/en/online-grocery/search-page-71
OREO,Ice Cream Sandwiches,4x125 mL,"$5.99
 ea.",,$1.20 /100ml,"Regular price
$8.79  ea.","Valid until Jan 24, 2024",https://product-images.metro.ca/images/hcd/hc8/10319409676318.jpg,https://www.metro.ca/en/online-grocery/search-page-71
CATELLI,"Gemelli, Classic",500 g,"$2.99
 ea.",,$0.60 /100g,,,,https://www.metro.ca/en/online-grocery/search-page-72
NATURE VALLEY,"Apple Crisp Crunchy Granola Bars, Crunchy",10 bars,"2 / 
$6.00",,or $3.99 ea. $1.43 /100g,,"Valid until Feb 7, 2024",,https://www.metro.ca/en/online-grocery/search-page-72
BERNARDIN,Standard Snap Lid® Lids,12 un,"$3.99
 ea.",,$0.33 /un.,,,https://product-images.metro.ca/images/hc8/hbb/10778563248158.jpg,https://www.metro.ca/en/online-grocery/search-page-72
GRISSOL,Original Melba Toast,400 g,"$5.29
 ea.",,$1.32 /100g,"Regular price
$6.49  ea.","Valid until Jan 24, 2024",https://product-images.metro.ca/images/hf3/hea/10476679987230.jpg,https://www.metro.ca/en/online-grocery/search-page-72
SELECTION,Cream Of Chicken Condensed Soup,284 mL,"2 / 
$2.22",,$0.39 /100ml,"Regular price
$2.29  ea.","Valid until Jan 24, 2024",https://product-images.metro.ca/images/hae/h83/10319451684894.jpg,https://www.metro.ca/en/online-grocery/search-page-72
HABITANT,Country Style Chicken Rice Soup,796 mL,"$3.99
 ea.",,$0.50 /100ml,,,https://product-images.metro.ca/images/he6/hb4/9726086971422.jpg,https://www.metro.ca/en/online-grocery/search-page-72
SELECTION,Barbecue Rings,265 g,"$3.99
 ea.",,$1.51 /100g,,,https://product-images.metro.ca/images/h52/he7/11521044316190.jpg,https://www.metro.ca/en/online-grocery/search-page-72
GAY LEA,14% Lactose Free Sour Cream,450 mL,"$4.69
 ea.",,$1.04 /100ml,,,https://product-images.metro.ca/images/h0c/hbd/9527147003934.jpg,https://www.metro.ca/en/online-grocery/search-page-72
DOLE,Pineapple Tidbits In Pineapple Juice,398 mL,"$2.99
 ea.",,$0.75 /100ml,,,https://product-images.metro.ca/images/h14/hfa/10433057456158.jpg,https://www.metro.ca/en/online-grocery/search-page-72
SELECTION,Lime Flavoured Sparkling Water,1 L,"$0.99
 ea.",,$0.10 /100ml,,,https://product-images.metro.ca/images/hed/hb9/9670200688670.jpg,https://www.metro.ca/en/online-grocery/search-page-72
THE LAUGHING COW,Processed Cheese Spread,16x16.7 g,"$7.29
 ea.",,$2.73 /100g,,,https://product-images.metro.ca/images/h24/h12/12083877052446.jpg,https://www.metro.ca/en/online-grocery/search-page-72
SELECTION,Ready-To-Use Fat-Free Beef Broth,900 mL,"$2.00
 ea.",,$0.22 /100ml,"Regular price
$2.29  ea.","Valid until Jan 24, 2024",https://product-images.metro.ca/images/h32/ha4/8849124687902.jpg,https://www.metro.ca/en/online-grocery/search-page-72
QUÉBON,"5% Blend Of Milk And Cream For Coffee, Ultra'Cream",473 mL,"$3.49
 ea.",,$0.74 /100ml,"Regular price
$4.49  ea.","Valid until Feb 14, 2024",,https://www.metro.ca/en/online-grocery/search-page-72
HEREFORD,Corned Beef,340 g,"$7.99
 ea.",,$2.35 /100g,,,https://product-images.metro.ca/images/h06/hfc/9533057564702.jpg,https://www.metro.ca/en/online-grocery/search-page-72
LYSOL,Citrus Disinfectant Wipes,35 un,"$3.79
 ea.",,$0.11 /un.,,,https://product-images.metro.ca/images/hbf/hc3/11614448484382.jpg,https://www.metro.ca/en/online-grocery/search-page-72
SELECTION,Vegetable Oil,3 L,"$10.99
 ea.",,$0.37 /100ml,,,https://product-images.metro.ca/images/h69/ha2/10225176969246.jpg,https://www.metro.ca/en/online-grocery/search-page-72
GRISSOL,"Garden Herb Toasted Snack Bread, Baguettes",120 g,"$1.99
 ea.",,$1.66 /100g,"Regular price
$4.29  ea.","Valid until Jan 10, 2024",,https://www.metro.ca/en/online-grocery/search-page-72
DOLE,Pineapple Chunks In Pineapple Juice,398 mL,"$2.99
 ea.",,$0.75 /100ml,,,https://product-images.metro.ca/images/h1a/hbd/10433057849374.jpg,https://www.metro.ca/en/online-grocery/search-page-72
ET TU,Original Caesar Salad Kit,132 g,"$3.99
 ea.",,$3.02 /100g,"Regular price
$4.99  ea.","Valid until Jan 10, 2024",https://product-images.metro.ca/images/h7a/h74/9796160454686.jpg,https://www.metro.ca/en/online-grocery/search-page-72
GENERAL MILLS,"Chocolate Cereal Value Pack, Nesquik",600 g,"$8.99
 ea.",,$1.50 /100g,,,,https://www.metro.ca/en/online-grocery/search-page-72
FLEISCHMANN'S,Traditional Active Dry Yeast,3x8 g,"$2.79
 ea.",,$11.63 /100g,,,https://product-images.metro.ca/images/h50/hc1/12050668748830.jpg,https://www.metro.ca/en/online-grocery/search-page-72
PLAISIRS GASTRONOMIQUES,Chicken & Cranberry Spread,360 g,"$8.99
 ea.",,$2.50 /100g,"Regular price
$9.99  ea.","Valid until Jan 10, 2024",https://product-images.metro.ca/images/h60/hc2/10938830585886.jpg,https://www.metro.ca/en/online-grocery/search-page-72
CAMPBELL'S,Condensed Low Fat Cream Of Chicken,284 mL,"$2.29
 ea.",,$0.81 /100ml,"Regular price
$2.99  ea.","Valid until Jan 24, 2024",https://product-images.metro.ca/images/h23/hd1/12050680152094.jpg,https://www.metro.ca/en/online-grocery/search-page-72
NATREL,1% Chocolate Milk,1 L,"$3.79
 ea.",,$0.38 /100ml,,,https://product-images.metro.ca/images/h83/he8/11274279059486.jpg,https://www.metro.ca/en/online-grocery/search-page-72
AQUA FUCHSIA,Organic Alfalfa Sprouts,75 g,"$2.99
 ea.",,$3.99 /100g,,,https://product-images.metro.ca/images/h1e/h22/9870753333278.jpg,https://www.metro.ca/en/online-grocery/search-page-72
MAILLE,Crunchy Vinegar Gherkins,375 mL,"$9.29
 ea.",,$2.48 /100ml,,,https://product-images.metro.ca/images/h70/h78/8821305540638.jpg,https://www.metro.ca/en/online-grocery/search-page-72
LIBERTÉ,"9% Black Cherry Flavoured Yogurt, Méditerranée",500 g,"$5.79
 ea.",,$1.16 /100g,,,,https://www.metro.ca/en/online-grocery/search-page-72
METROGO!,Melon Salad,Small,"$2.99
 ea.",,$0.92 /100g,,,https://product-images.metro.ca/images/h79/h9b/8894162632734.jpg,https://www.metro.ca/en/online-grocery/search-page-72
LINDT,"90% Cacao Dark Chocolate Bar, Excellence",100 g,"$5.29
 ea.",,$5.29 /100g,,"Valid until Jan 10, 2024",,https://www.metro.ca/en/online-grocery/search-page-72
ST-DONAT BAKERY,Apple Crumble Pie,620 g,"$10.99
 ea.",,$1.69 /100g,,,https://product-images.metro.ca/images/hd4/h54/9034228498462.jpg,https://www.metro.ca/en/online-grocery/search-page-72
MASTRO,Charcuterie Trio,150 g,"$7.99
 ea.",,$5.33 /100g,"Regular price
$10.99  ea.","Valid until Jan 17, 2024",https://product-images.metro.ca/images/h3d/haa/11614461493278.jpg,https://www.metro.ca/en/online-grocery/search-page-73
SELECTION,Bay Leaves,20 g,"$3.49
 ea.",,$17.45 /100g,,,https://product-images.metro.ca/images/hdd/hc5/11521209860126.jpg,https://www.metro.ca/en/online-grocery/search-page-73
,"Skin-On Chicken Thighs With Back, Value Pack",6 thighs per tray,"$12.18
 avg. ea.","(1,350 g avg.)",$9.02 /kg$4.09 /lb.,,,,https://www.metro.ca/en/online-grocery/search-page-73
IRRESISTIBLES,"Deep Dish Strawberry-Rhubarb Pie, Artisan",454 g,"$6.29
 ea.",,$1.39 /100g,,,,https://www.metro.ca/en/online-grocery/search-page-73
OASIS,"Watermelon Apple Fruit Juice, Hydrafruit",960 mL,"$2.39
 ea.",,$0.25 /100ml,,,,https://www.metro.ca/en/online-grocery/search-page-73
LECLERC,Butter Cookies Topped With Milk Chocolate Raspberry ...,240 g,"$4.49
 ea.",,$1.87 /100g,,,,https://www.metro.ca/en/online-grocery/search-page-73
POST,"Honey Flavoured Wheat Cereals, Sugar-Crisp",550 g,"$4.99
 ea.",,$0.91 /100g,"Regular price
$6.79  ea.","Valid until Jan 10, 2024",,https://www.metro.ca/en/online-grocery/search-page-73
BLACK DIAMOND,"Marbelicious® Mozzarella Cheese Sticks, Cheesetrings",28 sticks,"$12.99
 ea.",,$2.21 /100g,,,,https://www.metro.ca/en/online-grocery/search-page-73
SELECTION,Unscented Clumping Cat Litter,7 kg,"$7.49
 ea.",,$0.11 /100g,"Regular price
$8.49  ea.","Valid until Jan 24, 2024",https://product-images.metro.ca/images/h1b/h69/10389148434462.jpg,https://www.metro.ca/en/online-grocery/search-page-73
DRUMSTICK,Chocolate Dipped Vanilla Flavoured Dessert Cones,4x135 mL,"$5.99
 ea.",,$1.11 /100ml,"Regular price
$8.79  ea.","Valid until Jan 24, 2024",https://product-images.metro.ca/images/h45/hd5/10143803441182.jpg,https://www.metro.ca/en/online-grocery/search-page-73
PAPERCHEF,Large Culinary Parchment™ Baking Cups,60 un,"$3.29
 ea.",,$0.05 /un.,,,https://product-images.metro.ca/images/hd8/h31/11477778628638.jpg,https://www.metro.ca/en/online-grocery/search-page-73
OCEAN SPRAY,Cranberry Juice,1.77 L,"$6.29
 ea.",,$0.36 /100ml,,,https://product-images.metro.ca/images/h52/h21/9894732660766.jpg,https://www.metro.ca/en/online-grocery/search-page-73
ACTIVIA,3.2% Plain Probiotic Yogurt,650 g,"2 / 
$7.50",,or $5.49 ea. $0.58 /100g,,"Valid until Feb 14, 2024",https://product-images.metro.ca/images/h26/h96/10488041144350.jpg,https://www.metro.ca/en/online-grocery/search-page-73
JELL-O,Cherry Jelly Powder,85 g,"$1.59
 ea.",,$1.87 /100g,,,https://product-images.metro.ca/images/h30/hbd/9986847014942.jpg,https://www.metro.ca/en/online-grocery/search-page-73
AGROPUR SIGNATURE,L'Extra™ Double Cream Brie Cheese,1 piece,"$8.98
 avg. ea.",(180 g avg.),$49.90 /kg$22.63 /lb.,,,https://product-images.metro.ca/images/h82/h8c/8886686416926.jpg,https://www.metro.ca/en/online-grocery/search-page-73
LAFLEUR,Original Light Wieners,450 g,"$6.49
 ea.",,$1.44 /100g,,,https://product-images.metro.ca/images/h11/h05/9742329577502.jpg,https://www.metro.ca/en/online-grocery/search-page-73
JELL-O,Orange Jelly Powder,85 g,"$1.59
 ea.",,$1.87 /100g,,,https://product-images.metro.ca/images/h16/h9e/9986840854558.jpg,https://www.metro.ca/en/online-grocery/search-page-73
CLOVER LEAF,Albacore White Tuna Chunks,170 g,"$3.99
 ea.",,$2.35 /100g,,,https://product-images.metro.ca/images/hf5/he9/11570825461790.jpg,https://www.metro.ca/en/online-grocery/search-page-73
MOTT'S,"The Original Tomato Clam Cocktail, Clamato",2.54 L,"$6.99
 ea.",,$0.28 /100ml,,,,https://www.metro.ca/en/online-grocery/search-page-73
GATORADE,Cool Blue™ Flavoured Thirst Quencher,6x591 mL,"$5.99
 ea.",,$0.17 /100ml,"Regular price
$7.99  ea.","Valid until Jan 10, 2024",https://product-images.metro.ca/images/h57/h17/10784649216030.jpg,https://www.metro.ca/en/online-grocery/search-page-73
KNORR,Chasseur Sauce Mix,1 un,"$2.49
 ea.",,$2.49 /un.,,,https://product-images.metro.ca/images/h3f/he1/11461761531934.jpg,https://www.metro.ca/en/online-grocery/search-page-73
HOT-KID,Rice Crackers With Sesame,100 g,"$3.99
 ea.",,$3.99 /100g,,,https://product-images.metro.ca/images/hed/h0a/9529833553950.jpg,https://www.metro.ca/en/online-grocery/search-page-73
IRRESISTIBLES,Gruyere Cheese Swiss Twists,100 g,"$3.49
 ea.",,$3.49 /100g,,,https://www.metro.ca/images/shared/placeholders/icon-no-picture.svg?v=2023.71.1.d1,https://www.metro.ca/en/online-grocery/search-page-73
KELLOGG'S,"Cereal Family Size, Corn Pops",515 g,"$8.79
 ea.",,$1.71 /100g,,,,https://www.metro.ca/en/online-grocery/search-page-73
HALLS,Cherry Flavoured Cough Drops,9 drops,"$1.89
 ea.",,$1.89 /un.,,,https://product-images.metro.ca/images/h40/h7d/11627068522526.jpg,https://www.metro.ca/en/online-grocery/search-page-73
FONTAINE SANTÉ,Penne And Feta Salad,350 g,"$6.49
 ea.",,$1.85 /100g,"Regular price
$6.99  ea.","Valid until Jan 17, 2024",https://product-images.metro.ca/images/h58/hdc/9532927737886.jpg,https://www.metro.ca/en/online-grocery/search-page-73
SELECTION,Frozen Brussels Sprouts,500 g,"$3.49
 ea.",,$0.70 /100g,"Regular price
$4.49  ea.","Valid until Jan 10, 2024",https://product-images.metro.ca/images/hfb/h34/9527247405086.jpg,https://www.metro.ca/en/online-grocery/search-page-73
BARILLA,Cut Macaroni,900 g,"$5.79
 ea.",,$0.64 /100g,,,https://product-images.metro.ca/images/h26/h2a/10239175426078.jpg,https://www.metro.ca/en/online-grocery/search-page-73
BÙ,French Red Wine,750 mL,"$17.29
 ea.",,$2.31 /100ml,,,https://product-images.metro.ca/images/h56/h10/10399680462878.jpg,https://www.metro.ca/en/online-grocery/search-page-73
JOHNSONVILLE,Smoked And Cooked Bratwurst Sausages,375 g,"$7.49
 ea.",,$2.00 /100g,,,https://product-images.metro.ca/images/h54/h5c/9530983940126.jpg,https://www.metro.ca/en/online-grocery/search-page-73
IRRESISTIBLES,"Gouda Cheese, Artisan",200 g,"$7.79
 ea.",,$3.90 /100g,,,,https://www.metro.ca/en/online-grocery/search-page-74
VIM,Lemon Scented Cream Cleaner,500 mL,"$3.99
 ea.",,$0.80 /100ml,,,https://product-images.metro.ca/images/hd9/h89/11857603690526.jpg,https://www.metro.ca/en/online-grocery/search-page-74
CATELLI,"Macaroni, Smart",375 g,"$3.99
 ea.",,$1.06 /100g,,,,https://www.metro.ca/en/online-grocery/search-page-74
WALLAROO TRAIL,"Australian Red Wine, BIN 414",1 L,"$13.99
 ea.",,$1.40 /100ml,"Regular price
$15.69  ea.","Valid until Feb 7, 2024",,https://www.metro.ca/en/online-grocery/search-page-74
IÖGO,"1% Vanilla Flavoured Drinkable Yogurt, Nanö",6x93 mL,"$5.79
 ea.",,$1.04 /100ml,,,,https://www.metro.ca/en/online-grocery/search-page-74
,9" Garlic And Herbs Submarine Rolls,4x100 g,"$4.99
 ea.",,$1.25 /100g,,,,https://www.metro.ca/en/online-grocery/search-page-74
ROMA,Hot Italian Sausages,450 g,"$7.99
 ea.",,$1.78 /100g,,,https://product-images.metro.ca/images/h91/h5f/11432737046558.jpg,https://www.metro.ca/en/online-grocery/search-page-74
OLD EL PASO,Crunchy Taco Shells,12 un,"$3.49
 ea.",,$2.79 /100g,"Regular price
$3.99  ea.","Valid until Jan 24, 2024",https://product-images.metro.ca/images/h4e/h1d/12354362998814.jpg,https://www.metro.ca/en/online-grocery/search-page-74
MOTT'S,"Unsweetened Apple Sauce, Fruitsations",620 mL,"$2.99
 ea.",,$0.48 /100ml,,,,https://www.metro.ca/en/online-grocery/search-page-74
SELECTION,Pennine Rigate Pasta,900 g,"$1.47
 ea.",,$0.16 /100g,"Regular price
$2.99  ea.","Valid until Jan 10, 2024",https://product-images.metro.ca/images/h81/h26/10402328412190.jpg,https://www.metro.ca/en/online-grocery/search-page-74
SPRITE,Soft Drink,6x222 mL,"2 / 
$8.00",,$0.30 /100ml,"Regular price
$5.79  ea.","Valid until Jan 24, 2024",https://product-images.metro.ca/images/h22/h65/10495629885470.jpg,https://www.metro.ca/en/online-grocery/search-page-74
CATELLI,"Rings Soup Pasta, Classic",375 g,"$3.29
 ea.",,$0.88 /100g,,,,https://www.metro.ca/en/online-grocery/search-page-74
KICKING HORSE,Organic Three Sisters Coffee Beans,454 g,"$13.99
 ea.",,$3.08 /100g,"Regular price
$18.99  ea.","Valid until Feb 7, 2024",https://product-images.metro.ca/images/h2c/h34/11883384012830.jpg,https://www.metro.ca/en/online-grocery/search-page-74
WALLAROO TRAIL,"Australian White Wine, BIN 919",1 L,"$13.99
 ea.",,$1.40 /100ml,"Regular price
$15.69  ea.","Valid until Feb 7, 2024",,https://www.metro.ca/en/online-grocery/search-page-74
TIC TAC,Fresh Mint Flavoured Mints,29 g,"$1.99
 ea.",,$6.86 /100g,,,https://product-images.metro.ca/images/h01/h21/9652891254814.jpg,https://www.metro.ca/en/online-grocery/search-page-74
SAINT-ARNAUD,White Beans,900 g,"$4.79
 ea.",,$0.53 /100g,,,https://product-images.metro.ca/images/hff/hbd/8897129742366.jpg,https://www.metro.ca/en/online-grocery/search-page-74
SELECTION,Sweetened Apple Sauce Snacks,6x113 g,"3 / 
$6.00",,or $2.99 ea. $0.29 /100g,,"Valid until Feb 7, 2024",https://product-images.metro.ca/images/h0b/hee/10009276612638.jpg,https://www.metro.ca/en/online-grocery/search-page-74
METROGO!,Pineapple And Strawberry Chunks,Small,"$5.49
 ea.",,$1.57 /100g,,,https://product-images.metro.ca/images/h60/hbf/8837204639774.jpg,https://www.metro.ca/en/online-grocery/search-page-74
LA BELLE BRETAGNE,Glazed Country-Style Pâté With Cognac,150 g,"$4.69
 ea.",,$3.13 /100g,,,https://product-images.metro.ca/images/h24/h25/11292668428318.jpg,https://www.metro.ca/en/online-grocery/search-page-74
ALEXIS DE PORTNEUF,Double Crème Brie Cheese,1 piece,"$8.08
 avg. ea.",(180 g avg.),$44.90 /kg$20.37 /lb.,"Regular price
$50.90  avg. kg","Valid until Jan 17, 2024",https://product-images.metro.ca/images/h66/h04/8886726295582.jpg,https://www.metro.ca/en/online-grocery/search-page-74
GASPÉSIEN,Sliced Breakfast Smoked Ham,250 g,"$6.99
 ea.",,$2.80 /100g,,,https://product-images.metro.ca/images/hcd/h3d/11449509216286.jpg,https://www.metro.ca/en/online-grocery/search-page-74
PEPPERIDGE FARM,"Xtreme Cheddar Flavour Blasted® Baked Crackers, Gold...",180 g,"$3.49
 ea.",,$1.94 /100g,"Regular price
$4.19  ea.","Valid until Jan 10, 2024",,https://www.metro.ca/en/online-grocery/search-page-74
SELECTION,Medium Salsa,430 mL,"$3.49
 ea.",,$0.81 /100ml,"Regular price
$4.49  ea.","Valid until Jan 24, 2024",https://product-images.metro.ca/images/h2c/h2d/8853076213790.jpg,https://www.metro.ca/en/online-grocery/search-page-74
SELECTION,Italian Style Tomato Sauce,680 mL,"$2.79
 ea.",,$0.41 /100ml,,,https://product-images.metro.ca/images/he1/h71/11521176764446.jpg,https://www.metro.ca/en/online-grocery/search-page-74
FRESH GOURMET,Parmesan Multigrain Croutons,142 g,"$3.99
 ea.",,$2.81 /100g,,,https://product-images.metro.ca/images/h0f/h61/11257096634398.jpg,https://www.metro.ca/en/online-grocery/search-page-74
BRUNSWICK,Canadian Sardines In Soya Oil,106 g,"$2.79
 ea.",,$2.63 /100g,,,https://product-images.metro.ca/images/hbb/hcd/9526787178526.jpg,https://www.metro.ca/en/online-grocery/search-page-74
KRAFT,"Extra Crispy Original Recipe Coating Mix, Shake'N Bake",152 g,"$4.29
 ea.",,$2.82 /100g,"Regular price
$4.99  ea.","Valid until Jan 24, 2024",,https://www.metro.ca/en/online-grocery/search-page-74
SELECTION,Reduced Salt Fully Cooked Smoked Bacon,65 g,"$6.79
 ea.",,$10.45 /100g,"Regular price
$6.99  ea.","Valid until Jan 17, 2024",https://product-images.metro.ca/images/h0d/h09/11198034575390.jpg,https://www.metro.ca/en/online-grocery/search-page-74
LINDT,"Orange Intense Dark Chocolate Bar, Excellence",100 g,"$5.29
 ea.",,$5.29 /100g,,"Valid until Jan 10, 2024",,https://www.metro.ca/en/online-grocery/search-page-74
SAPUTO,Mozzarellissima™ Pizza Mozzarella,500 g,"$10.29
 ea.",,$2.06 /100g,,,https://product-images.metro.ca/images/h24/h12/11574074736670.jpg,https://www.metro.ca/en/online-grocery/search-page-75
COLLATIO,"Bag Of Apples, Granny Smith",907 g,"$5.99
 ea.",,$0.66 /100g,,,,https://www.metro.ca/en/online-grocery/search-page-75
ST-HUBERT,Turkey Gravy Mix,25 g,"3 / 
$5.00",,$6.67 /100g,"Regular price
$2.39  ea.","Valid until Jan 10, 2024",https://product-images.metro.ca/images/hf1/h7c/9836299354142.jpg,https://www.metro.ca/en/online-grocery/search-page-75
PASTENE,Ground Tomatoes With Puree And Spices,796 mL,"$3.69
 ea.",,$0.46 /100ml,,,https://product-images.metro.ca/images/h02/h82/10509519683614.jpg,https://www.metro.ca/en/online-grocery/search-page-75
,Okra,340 g,"$6.99
 ea.",,$2.06 /100g,,,https://product-images.metro.ca/images/hb7/h12/10822774390814.jpg,https://www.metro.ca/en/online-grocery/search-page-75
SELECTION,"Soft Drink, Tonic Water",1 L,"$1.39
 ea.",,$0.14 /100ml,,,,https://www.metro.ca/en/online-grocery/search-page-75
SELECTION,Semi-Sweet Chocolate Chips,300 g,"$3.49
 ea.",,$1.16 /100g,"Regular price
$3.99  ea.","Valid until Feb 7, 2024",https://product-images.metro.ca/images/h23/h78/9012658798622.jpg,https://www.metro.ca/en/online-grocery/search-page-75
IRRESISTIBLES,Fresh 3-Cheese Tortellini,350 g,"$4.49
 ea.",,$1.28 /100g,"Regular price
$4.99  ea.","Valid until Jan 17, 2024",https://product-images.metro.ca/images/hb9/h56/11307043749918.jpg,https://www.metro.ca/en/online-grocery/search-page-75
BECEL,Light Margarine,850 g,"$7.99
 ea.",,$0.94 /100g,"Regular price
$9.79  ea.","Valid until Jan 10, 2024",https://product-images.metro.ca/images/hdb/hbc/11094854860830.jpg,https://www.metro.ca/en/online-grocery/search-page-75
CHAPMAN'S,"Triple Treat Ice Pops, Li'L Lolly",28x50 mL,"$6.99
 ea.",,$0.50 /100ml,,,,https://www.metro.ca/en/online-grocery/search-page-75
FONTAINE SANTÉ,Three-Lentil & Cranberry Salad,400 g,"$6.49
 ea.",,$1.62 /100g,"Regular price
$6.99  ea.","Valid until Jan 17, 2024",https://product-images.metro.ca/images/h14/hef/9532854337566.jpg,https://www.metro.ca/en/online-grocery/search-page-75
IRRESISTIBLES,Garlic Naan Bread,240 g,"2 / 
$7.00",,or $3.99 ea. $1.46 /100g,"Regular price
$4.49  ea.","Valid until Jan 10, 2024",https://product-images.metro.ca/images/h41/h2d/10475423072286.jpg,https://www.metro.ca/en/online-grocery/search-page-75
GENERAL MILLS,"Frosted Toasted Oat Cereal With Marshmallows, Value ...",526 g,"$8.99
 ea.",,$1.71 /100g,,,,https://www.metro.ca/en/online-grocery/search-page-75
DOUBLE FRUIT,Light Raspberry Fruit Spread,500 mL,"$7.99
 ea.",,$1.60 /100ml,"Regular price
$8.49  ea.","Valid until Feb 7, 2024",https://product-images.metro.ca/images/ha4/h36/11401287860254.jpg,https://www.metro.ca/en/online-grocery/search-page-75
POM WONDERFUL,Pomegranate Juice,1.4 L,"$15.99
 ea.",,$1.14 /100ml,,,https://product-images.metro.ca/images/h8b/hb6/11754147643422.jpg,https://www.metro.ca/en/online-grocery/search-page-75
KNORR,Onion Soup Mix,1 un,"$2.49
 ea.",,$2.49 /un.,,,https://product-images.metro.ca/images/h56/h3c/11461756354590.jpg,https://www.metro.ca/en/online-grocery/search-page-75
SELECTION,Scented Clumping Cat Litter,7 kg,"$7.49
 ea.",,$0.11 /100g,"Regular price
$8.49  ea.","Valid until Jan 24, 2024",https://product-images.metro.ca/images/hb7/ha1/10389148467230.jpg,https://www.metro.ca/en/online-grocery/search-page-75
IRRESISTIBLES,Whole Baby Clams,142 g,"$2.99
 ea.",,$2.11 /100g,"Regular price
$3.49  ea.","Valid until Jan 24, 2024",https://product-images.metro.ca/images/h13/h1b/11521151369246.jpg,https://www.metro.ca/en/online-grocery/search-page-75
ACTIVIA,2.9% Lactose-Free Probiotic Yogurts Variety Pack,12x100 g,"$8.69
 ea.",,$0.72 /100g,,,https://product-images.metro.ca/images/he3/h11/11541061042206.jpg,https://www.metro.ca/en/online-grocery/search-page-75
TRE STELLE,Medallion Slices Bocconcini Cheese,200 g,"$6.99
 ea.",,$3.50 /100g,"Regular price
$7.79  ea.","Valid until Jan 17, 2024",https://product-images.metro.ca/images/h93/h0c/10821294686238.jpg,https://www.metro.ca/en/online-grocery/search-page-75
SELECTION,Small Peas Sizes #1 And #2,398 mL,"$2.29
 ea.",,$0.58 /100ml,,,https://product-images.metro.ca/images/h2c/hbc/9518856405022.jpg,https://www.metro.ca/en/online-grocery/search-page-75
KELLOGG'S,"Blueberry Flavoured Waffles, Eggo",560 g,"$7.49
 ea.",,$1.34 /100g,,,,https://www.metro.ca/en/online-grocery/search-page-75
HALLS,"Extra Strong Menthol Cough Drops, Mentho-Lyptus",9 drops,"$1.89
 ea.",,$1.89 /un.,,,,https://www.metro.ca/en/online-grocery/search-page-75
GENERAL MILLS,"Frosted Toasted Oat Cereal With Marshmallows, Lucky ...",300 g,"2 / 
$8.00",,or $5.99 ea. $1.33 /100g,,"Valid until Feb 7, 2024",,https://www.metro.ca/en/online-grocery/search-page-75
FRANK'S REDHOT,Original Buffalo Wings Sauce,354 mL,"$5.29
 ea.",,$1.49 /100ml,,,https://product-images.metro.ca/images/h31/h57/10040031182878.jpg,https://www.metro.ca/en/online-grocery/search-page-75
WONG WING,Frozen General Tao Chicken,"2 servings, 400 g","$8.99
 ea.",,$2.25 /100g,,,https://product-images.metro.ca/images/hc9/h74/11274271784990.jpg,https://www.metro.ca/en/online-grocery/search-page-75
NESTLÉ,"Milk Chocolate Bar, Mirage",41 g,"$1.59
 ea.",,$3.88 /100g,,,,https://www.metro.ca/en/online-grocery/search-page-75
FRUITOPIA,Strawberry Passion Awareness® Real Fruit Beverage,1.75 L,"$4.19
 ea.",,$0.24 /100ml,,,https://product-images.metro.ca/images/h7b/hf8/10495660458014.jpg,https://www.metro.ca/en/online-grocery/search-page-75
,Cloth,1 un,"$3.29
 ea.",,$3.29 /un.,,,https://product-images.metro.ca/images/ha1/he4/9014849568798.jpg,https://www.metro.ca/en/online-grocery/search-page-75
PILLSBURY,Wiener Wrap Dough,200 g,"2 / 
$5.00",,$0.01 /g,"Regular price
$3.29  ea.","Valid until Jan 10, 2024",https://product-images.metro.ca/images/h8e/h20/12196740923422.jpg,https://www.metro.ca/en/online-grocery/search-page-75
OCEAN'S,Flaked Light Tuna In Water,170 g,"2 / 
$4.50",,$1.32 /100g,"Regular price
$2.69  ea.","Valid until Jan 24, 2024",https://product-images.metro.ca/images/h1f/h01/12174938996766.jpg,https://www.metro.ca/en/online-grocery/search-page-76
MOTT'S,"Unsweetened Apple And Blueberry Sauce, Fruitsations",6x113 g,"$3.49
 ea.",,$0.52 /100g,,,,https://www.metro.ca/en/online-grocery/search-page-76
GRIZZLY,Frozen Smoked Coho Salmon,70 g,"$7.99
 ea.",,$11.41 /100g,,,https://product-images.metro.ca/images/hd4/h9b/10308008509470.jpg,https://www.metro.ca/en/online-grocery/search-page-76
MIKES,Homestyle Bolognese Meat Sauce,700 mL,"$6.79
 ea.",,$0.97 /100ml,,,https://product-images.metro.ca/images/h30/h8d/10529549615134.jpg,https://www.metro.ca/en/online-grocery/search-page-76
CASTELLO,Traditional Danish Blue Cheese,125 g,"$8.00
 ea.",,$6.40 /100g,,,https://product-images.metro.ca/images/h32/h35/11461734039582.jpg,https://www.metro.ca/en/online-grocery/search-page-76
KELLOGG'S,"Original Cereal, Special K",435 g,"$4.49
 ea.",,$1.03 /100g,"Regular price
$7.29  ea.","Valid until Jan 10, 2024",,https://www.metro.ca/en/online-grocery/search-page-76
BUSH'S BEST,Homestyle Canned Baked Beans,398 mL,"$2.99
 ea.",,$0.75 /100ml,,,https://product-images.metro.ca/images/h01/h9c/11829815836702.jpg,https://www.metro.ca/en/online-grocery/search-page-76
,Chinese Lettuce,,"$5.27
 avg. ea.",(800 g avg.),$6.59 /kg$2.99 /lb.,,,https://product-images.metro.ca/images/hec/h92/8833507721246.jpg,https://www.metro.ca/en/online-grocery/search-page-76
SELECTION,"Coleslaw, Traditional",454 g,"$2.99
 ea.",,$0.66 /100g,"Regular price
$3.49  ea.","Valid until Jan 10, 2024",,https://www.metro.ca/en/online-grocery/search-page-76
SAN DANIELE,Mortadella,175 g,"$4.99
 ea.",,$2.85 /100g,"Regular price
$6.29  ea.","Valid until Jan 17, 2024",https://product-images.metro.ca/images/h47/hfd/11849319907358.jpg,https://www.metro.ca/en/online-grocery/search-page-76
SELECTION,Dijon Prepared Mustard,325 mL,"$3.29
 ea.",,$1.01 /100ml,,,https://product-images.metro.ca/images/he4/hb4/9445015748638.jpg,https://www.metro.ca/en/online-grocery/search-page-76
CARNATION,2% Partly Skimmed Evaporated Milk,354 mL,"$2.99
 ea.",,$0.84 /100ml,,,https://product-images.metro.ca/images/h7d/h78/10518821175326.jpg,https://www.metro.ca/en/online-grocery/search-page-76
NATURE VALLEY,"Mixed Berry Chewy Granola Bars, Trail Mix",5 bars,"2 / 
$6.00",,or $3.99 ea. $1.71 /100g,,"Valid until Feb 7, 2024",,https://www.metro.ca/en/online-grocery/search-page-76
FROMAGERIE FRITZ KAISER,Coulée Douce Double Cream Soft Cheese,1 piece,"$5.59
 avg. ea.",(140 g avg.),$39.90 /kg$18.10 /lb.,"Regular price
$45.90  avg. kg","Valid until Jan 17, 2024",https://product-images.metro.ca/images/h78/h56/11588874600478.jpg,https://www.metro.ca/en/online-grocery/search-page-76
HERSHEY'S,Cookie N' Cream Chocolate Bar,43 g,"$1.69
 ea.",,$3.93 /100g,,,https://product-images.metro.ca/images/h47/hae/9542755188766.jpg,https://www.metro.ca/en/online-grocery/search-page-76
ALLEN'S,Pure Apple Cider Vinegar,500 mL,"$1.99
 ea.",,$0.40 /100ml,"Regular price
$2.49  ea.","Valid until Feb 7, 2024",https://product-images.metro.ca/images/h19/h8a/8960750452766.jpg,https://www.metro.ca/en/online-grocery/search-page-76
PEACE TEA,Peach Flavoured Iced Tea,695 mL,"$1.49
 ea.",,$0.21 /100ml,,,https://product-images.metro.ca/images/h42/h06/11994764378142.jpg,https://www.metro.ca/en/online-grocery/search-page-76
ABBAYE DE SAINT-BENOÎT-DU-LAC,Mont Saint-Benoît Firm Cheese,1 piece,"$9.16
 avg. ea.",(170 g avg.),$53.90 /kg$24.45 /lb.,,,https://product-images.metro.ca/images/hdf/h4d/8886665412638.jpg,https://www.metro.ca/en/online-grocery/search-page-76
YVES VEGGIE CUISINE,Plant-Based Ground Round,340 g,"$6.99
 ea.",,$2.06 /100g,,,https://product-images.metro.ca/images/hef/h6e/11849342124062.jpg,https://www.metro.ca/en/online-grocery/search-page-76
SILK,Almond Plant-Based Coffee Whitener,473 mL,"$3.79
 ea.",,$0.80 /100ml,,,https://product-images.metro.ca/images/hde/hc3/11627093917726.jpg,https://www.metro.ca/en/online-grocery/search-page-76
OLD EL PASO,"Fajita Seasoning Mix, Smart Fiesta",24 g,"2 / 
$3.00",,$6.25 /100g,"Regular price
$2.49  ea.","Valid until Jan 24, 2024",,https://www.metro.ca/en/online-grocery/search-page-76
PEEK FREANS,Original Shortcake Biscuits,350 g,"$3.79
 ea.",,$1.08 /100g,"Regular price
$4.99  ea.","Valid until Jan 24, 2024",https://product-images.metro.ca/images/h69/h5b/10134494937118.jpg,https://www.metro.ca/en/online-grocery/search-page-76
KNORR,"Beef Concentrated Liquid Stock, Bovril",250 mL,"$5.49
 ea.",,$2.20 /100ml,,,,https://www.metro.ca/en/online-grocery/search-page-76
ARM & HAMMER,"Flo-Thru Deodorizer Baking Soda, Fridge-N-Freezer",500 g,"$2.29
 ea.",,$0.46 /100g,,,,https://www.metro.ca/en/online-grocery/search-page-76
LA ROCCA,Frozen Truffle Royale Cake,600 g,"$23.99
 ea.",,$4.00 /100g,,,https://product-images.metro.ca/images/h02/hc6/8861192126494.jpg,https://www.metro.ca/en/online-grocery/search-page-76
IRRESISTIBLES,Frozen Tiramisu Cake,500 g,"$11.99
 ea.",,$2.40 /100g,,"Valid until Jan 17, 2024",https://product-images.metro.ca/images/h7c/h92/10200554078238.jpg,https://www.metro.ca/en/online-grocery/search-page-76
LAFLEUR,35% Less Salt Naturally Smoked Bacon,500 g,"$9.49
 ea.",,$1.90 /100g,,,https://product-images.metro.ca/images/h9f/h8c/9751047831582.jpg,https://www.metro.ca/en/online-grocery/search-page-76
PLATINUM,AAA Platinum Angus Striploin Steak,,"$15.20
 avg. ea.",(300 g avg.),$50.68 /kg$22.99 /lb.,,,https://product-images.metro.ca/images/h0a/h0d/9231686565918.jpg,https://www.metro.ca/en/online-grocery/search-page-76
MINUTE RICE,Pre-Cooked Long Grain White Rice,2 kg,"$11.99
 ea.",,$0.60 /100g,,,https://product-images.metro.ca/images/hc5/h13/11198039621662.jpg,https://www.metro.ca/en/online-grocery/search-page-76
NATURE VALLEY,"Double Chocolate Flavour Granola Bars, Lunch Box",5 bars,"2 / 
$6.00",,or $3.99 ea. $2.31 /100g,,"Valid until Feb 7, 2024",,https://www.metro.ca/en/online-grocery/search-page-76
,Green Thai Pepper,,"$0.44
 avg. ea.",(40 g avg.),$11.00 /kg$4.99 /lb.,,,https://product-images.metro.ca/images/hb3/h43/8837113872414.jpg,https://www.metro.ca/en/online-grocery/search-page-77
METROGO!,Shrimp And Vegetable-Stuffed Atlantic Salmon Tournedos,,"$11.57
 avg. ea.",(250 g avg.),$46.27 /kg$20.99 /lb.,,,https://product-images.metro.ca/images/hb9/h05/12216207704094.jpg,https://www.metro.ca/en/online-grocery/search-page-77
FIVE ALIVE,Passionate Peach Citrus Beverage,1.75 L,"$4.99
 ea.",,$0.29 /100ml,,,https://product-images.metro.ca/images/hf3/h24/10495632244766.jpg,https://www.metro.ca/en/online-grocery/search-page-77
OLD EL PASO,Chili Seasoning Mix,24 g,"2 / 
$3.00",,$6.25 /100g,"Regular price
$2.49  ea.","Valid until Jan 24, 2024",https://product-images.metro.ca/images/h22/h0b/10255680569374.jpg,https://www.metro.ca/en/online-grocery/search-page-77
NESTLÉ,"Rich And Creamy Hot Chocolate Mix In Packets, Carnation",10x25 g,"$4.49
 ea.",,$1.80 /100g,"Regular price
$4.99  ea.","Valid until Feb 7, 2024",,https://www.metro.ca/en/online-grocery/search-page-77
HÄAGEN-DAZS,Salted Caramel Flavoured Ice Cream Bars,3x88 mL,"$4.99
 ea.",,$1.89 /100ml,"Regular price
$6.69  ea.","Valid until Jan 24, 2024",https://product-images.metro.ca/images/h5d/hd6/11412485963806.jpg,https://www.metro.ca/en/online-grocery/search-page-77
KNORR,Carbonara Sauce Mix,1 un,"$2.49
 ea.",,$2.49 /un.,,,https://product-images.metro.ca/images/h08/h03/11397223350302.jpg,https://www.metro.ca/en/online-grocery/search-page-77
IRRESISTIBLES,"Peas, Life Smart",398 mL,"$2.29
 ea.",,$0.58 /100ml,,,,https://www.metro.ca/en/online-grocery/search-page-77
SELECTION,Parboiled Long Grain Rice,900 g,"$2.99
 ea.",,$0.33 /100g,"Regular price
$3.79  ea.","Valid until Jan 24, 2024",https://product-images.metro.ca/images/h95/h5c/8853320728606.jpg,https://www.metro.ca/en/online-grocery/search-page-77
CLOVER LEAF,Spicy Thaï Chili Flaked Light Tuna,85 g,"$1.99
 ea.",,$2.34 /100g,"Regular price
$2.49  ea.","Valid until Jan 10, 2024",https://product-images.metro.ca/images/h0f/h8a/11374802108446.jpg,https://www.metro.ca/en/online-grocery/search-page-77
RENÉE'S GOURMET,Greek Feta Dressing & Dip Individual Pack,43 mL,"$0.69
 ea.",,$1.60 /100ml,,,https://product-images.metro.ca/images/hdf/hc1/9522492637214.jpg,https://www.metro.ca/en/online-grocery/search-page-77
SKOTIDAKIS,0% Plain Probiotic Greek Yogurt,908 g,"$5.99
 ea.",,$0.66 /100g,"Regular price
$8.49  ea.","Valid until Jan 10, 2024",https://product-images.metro.ca/images/ha3/h8d/11570802491422.jpg,https://www.metro.ca/en/online-grocery/search-page-77
PRIMO,Rigatoni,900 g,"$2.99
 ea.",,$0.33 /100g,"Regular price
$3.79  ea.","Valid until Jan 24, 2024",https://product-images.metro.ca/images/h69/h48/9518949433374.jpg,https://www.metro.ca/en/online-grocery/search-page-77
SELECTION,"Lemon-Lime Flavoured Soft Drink, C-Up",2 L,"$2.29
 ea.",,$0.11 /100ml,,,,https://www.metro.ca/en/online-grocery/search-page-77
KIKKOMAN,Lite Soy Sauce,296 mL,"$6.99
 ea.",,$2.37 /100ml,,,https://product-images.metro.ca/images/ha0/hdc/11292683272222.jpg,https://www.metro.ca/en/online-grocery/search-page-77
LIBERTÉ,"9% Strawberry Yogurt, Méditerranée",500 g,"$5.79
 ea.",,$1.16 /100g,,,,https://www.metro.ca/en/online-grocery/search-page-77
IRRESISTIBLES,Frozen Sliced Peaches,600 g,"3 / 
$12.99",,or $5.99 ea. $0.72 /100g,,"Valid until Feb 14, 2024",https://product-images.metro.ca/images/h91/h17/11521330839582.jpg,https://www.metro.ca/en/online-grocery/search-page-77
KRAFT,Crunchy Peanut Butter,500 g,"$5.49
 ea.",,$1.10 /100g,,,https://product-images.metro.ca/images/hec/hea/9986992472094.jpg,https://www.metro.ca/en/online-grocery/search-page-77
MOISHES,Famous Coleslaw,454 g,"$4.99
 ea.",,$1.10 /100g,,,https://product-images.metro.ca/images/h28/hf4/11574117924894.jpg,https://www.metro.ca/en/online-grocery/search-page-77
DANACTIVE,1.5% Strawberry And Blueberry Flavoured Drinkable Pr...,8x93 mL,"$5.49
 ea.",,$0.74 /100ml,"Regular price
$6.49  ea.","Valid until Feb 14, 2024",,https://www.metro.ca/en/online-grocery/search-page-77
HARVEST SNAPS,"Black Pepper Flavoured Green Pea Crisps, Snapea Crisps",93 g,"$3.79
 ea.",,$4.08 /100g,,,,https://www.metro.ca/en/online-grocery/search-page-77
SELECTION,Pita Breads,250 g,"$2.49
 ea.",,$1.00 /100g,,,https://product-images.metro.ca/images/hc4/hfe/9519054913566.jpg,https://www.metro.ca/en/online-grocery/search-page-77
LIBERTÉ,"9% Mocha Flavoured Yogurt, Méditerranée",500 g,"$5.79
 ea.",,$1.16 /100g,,,,https://www.metro.ca/en/online-grocery/search-page-77
PHILADELPHIA,Smoked Salmon Cream Cheese,340 g,"$5.99
 ea.",,$1.76 /100g,"Regular price
$7.99  ea.","Valid until Jan 10, 2024",https://product-images.metro.ca/images/hf7/h47/10399689343006.jpg,https://www.metro.ca/en/online-grocery/search-page-77
HÄAGEN-DAZS,Mini Almond Chocolate Coated Caramel Ice Cream Bars,4x55 mL,"$4.99
 ea.",,$2.27 /100ml,"Regular price
$6.69  ea.","Valid until Jan 24, 2024",https://product-images.metro.ca/images/hec/h71/11257128517662.jpg,https://www.metro.ca/en/online-grocery/search-page-77
PILLSBURY,Chocolatey Chip Cookies Dough,468 g,"$4.99
 ea.",,$1.07 /100g,,,https://product-images.metro.ca/images/h9f/hb9/10784653082654.jpg,https://www.metro.ca/en/online-grocery/search-page-77
IRRESISTIBLES,Peanut Butter Ice Cream,1.5 L,"$5.49
 ea.",,$0.37 /100ml,"Regular price
$7.29  ea.","Valid until Jan 10, 2024",https://product-images.metro.ca/images/h89/h35/9640227078174.jpg,https://www.metro.ca/en/online-grocery/search-page-77
,Chicken Breast Fondue Cubes,1 pack,"$8.79
 avg. ea.",(380 g avg.),$23.13 /kg$10.49 /lb.,"Regular price
$24.23  avg. kg","Valid until Jan 10, 2024",https://product-images.metro.ca/images/h44/he9/8886414540830.jpg,https://www.metro.ca/en/online-grocery/search-page-77
PURE LIFE,Natural Spring Water,1.5 L,"$1.49
 ea.",,$0.10 /100ml,,,https://product-images.metro.ca/images/hd1/h0b/11068810559518.jpg,https://www.metro.ca/en/online-grocery/search-page-77
BAD MONKEY,Gluten Free Original Popcorn,300 g,"$4.19
 ea.",,$1.40 /100g,,,https://product-images.metro.ca/images/h62/h66/11243992055838.jpg,https://www.metro.ca/en/online-grocery/search-page-77
FRUITOPIA,Fruit Punch Beverage,1.75 L,"$4.19
 ea.",,$0.24 /100ml,,,https://product-images.metro.ca/images/h51/h38/12349511303198.jpg,https://www.metro.ca/en/online-grocery/search-page-78
FUDGEEO,Original Cookies,303 g,"$3.79
 ea.",,$1.25 /100g,"Regular price
$4.79  ea.","Valid until Jan 24, 2024",https://product-images.metro.ca/images/had/h90/11432746844190.jpg,https://www.metro.ca/en/online-grocery/search-page-78
LAURA SECORD,Chocolate & Hazelnut Spread,600 g,"$6.99
 ea.",,$1.17 /100g,,,https://product-images.metro.ca/images/h3e/h6b/9522375098398.jpg,https://www.metro.ca/en/online-grocery/search-page-78
MINUTE MAID,Orange Juice,8x200 mL,"$4.79
 ea.",,$0.30 /100ml,,,https://product-images.metro.ca/images/h92/h47/9519477194782.jpg,https://www.metro.ca/en/online-grocery/search-page-78
SELECTION,Vanilla Flavoured Pudding Snacks,4 un,"3 / 
$5.00",,$0.42 /un.,"Regular price
$1.99  ea.","Valid until Feb 7, 2024",https://product-images.metro.ca/images/hab/hd7/10822727041054.jpg,https://www.metro.ca/en/online-grocery/search-page-78
COATICOOK,Neapolitan Ice Cream,2 L,"$5.99
 ea.",,$0.30 /100ml,,,https://product-images.metro.ca/images/h13/h93/11477894004766.jpg,https://www.metro.ca/en/online-grocery/search-page-78
IRRESISTIBLES,Cut Hearts Of Palm,398 mL,"$3.99
 ea.",,$1.00 /100ml,"Regular price
$4.49  ea.","Valid until Jan 24, 2024",https://product-images.metro.ca/images/hd7/h41/9518990327838.jpg,https://www.metro.ca/en/online-grocery/search-page-78
STARBUCKS,"Medium Roast Pike Place® K-Cup® Coffee Pods, Keurig Hot",10 un,"$13.29
 ea.",,$1.33 /un.,,,,https://www.metro.ca/en/online-grocery/search-page-78
PRIMO,Oven-Ready Lasagna Pasta,375 g,"$2.99
 ea.",,$0.80 /100g,"Regular price
$4.19  ea.","Valid until Jan 24, 2024",https://product-images.metro.ca/images/haa/hcb/9149013655582.jpg,https://www.metro.ca/en/online-grocery/search-page-78
MARZETTI,Mini Ranch Dip,85 g,"2 / 
$3.00",,$1.76 /100g,,,https://product-images.metro.ca/images/hd4/h52/9527189864478.jpg,https://www.metro.ca/en/online-grocery/search-page-78
COATICOOK,Fudge Flavoured Ripple Old-Fashioned Ice Cream,2 L,"$5.99
 ea.",,$0.30 /100ml,,,https://product-images.metro.ca/images/hc2/hcb/11477860581406.jpg,https://www.metro.ca/en/online-grocery/search-page-78
SHIRRIFF,Extra Oranges! Pure Marmalade,375 mL,"$4.99
 ea.",,$1.33 /100ml,,,https://product-images.metro.ca/images/h14/ha6/11401252732958.jpg,https://www.metro.ca/en/online-grocery/search-page-78
NATREL,35% Lactose Free Whipping Cream,473 mL,"$6.59
 ea.",,$1.39 /100ml,,,https://product-images.metro.ca/images/h03/h59/10221709295646.jpg,https://www.metro.ca/en/online-grocery/search-page-78
CANTON,Original Recipe Fondue And Dipping Sauce,180 mL,"2 / 
$7.00",,$1.94 /100ml,"Regular price
$3.99  ea.","Valid until Jan 24, 2024",https://product-images.metro.ca/images/h6a/h21/11088024338462.jpg,https://www.metro.ca/en/online-grocery/search-page-78
PLAISIRS GASTRONOMIQUES,Pulled Pork,400 g,"$9.99
 ea.",,$2.50 /100g,,,https://product-images.metro.ca/images/h6e/h23/11574063333406.jpg,https://www.metro.ca/en/online-grocery/search-page-78
CAMPBELL'S,Condensed Low Fat Cream Of Broccoli,284 mL,"$2.29
 ea.",,$0.81 /100ml,"Regular price
$2.99  ea.","Valid until Jan 24, 2024",https://product-images.metro.ca/images/h0f/h48/9906481823774.jpg,https://www.metro.ca/en/online-grocery/search-page-78
LACTANTIA,"Skim Milk, PurFiltre",4 L,"$9.69
 ea.",,$0.24 /100ml,,,,https://www.metro.ca/en/online-grocery/search-page-78
HELLMANN'S,Mayonnaise,340 mL,"$5.29
 ea.",,$1.56 /100ml,,,https://product-images.metro.ca/images/h2d/h81/11660190908446.jpg,https://www.metro.ca/en/online-grocery/search-page-78
CADBURY,"Chocolate Bar, Caramilk",4 un,"$4.99
 ea.",,$1.25 /un.,"Regular price
$5.99  ea.","Valid until Jan 24, 2024",,https://www.metro.ca/en/online-grocery/search-page-78
MARY'S ORGANIC CRACKERS,Original Organic Crackers,184 g,"$6.99
 ea.",,$3.80 /100g,"Regular price
$7.99  ea.","Valid until Jan 24, 2024",https://product-images.metro.ca/images/h85/hdf/9858075066398.jpg,https://www.metro.ca/en/online-grocery/search-page-78
KRAFT,"Greek Feta And Oregano Dressing & Marinade, Calorie ...",475 mL,"$4.49
 ea.",,$0.95 /100ml,,,,https://www.metro.ca/en/online-grocery/search-page-78
IRRESISTIBLES,Raspberry And Cranberry Cocktail,1.89 L,"$4.49
 ea.",,$0.24 /100ml,"Regular price
$4.99  ea.","Valid until Jan 24, 2024",https://product-images.metro.ca/images/h3b/hfa/10946086731806.jpg,https://www.metro.ca/en/online-grocery/search-page-78
LIPTON,"Chicken Noodle Instant Soup Mix, Cup-A-Soup",4 un,"$2.29
 ea.",,$0.57 /un.,,,,https://www.metro.ca/en/online-grocery/search-page-78
,Case Of Clementines,4 lb,"$5.99
 ea.",,$0.33 /100g,"Regular price
$6.99  ea.","Valid until Jan 10, 2024",https://product-images.metro.ca/images/hb7/hee/8929432141854.jpg,https://www.metro.ca/en/online-grocery/search-page-78
SELECTION,2-Ply Bathroom Tissue,12x242 sheets,"$8.99
 ea.",,$0.75 /un.,,,https://product-images.metro.ca/images/h59/h84/10180381081630.jpg,https://www.metro.ca/en/online-grocery/search-page-78
SALADA,Orange Pekoe Tea,72 un,"$5.99
 ea.",,$0.08 /un.,,,https://product-images.metro.ca/images/h5e/ha4/10715275001886.jpg,https://www.metro.ca/en/online-grocery/search-page-78
DARE,"Chocolate Chip Soft Cookies, Bear Paws",480 g,"$4.49
 ea.",,$0.94 /100g,"Regular price
$7.29  ea.","Valid until Jan 10, 2024",,https://www.metro.ca/en/online-grocery/search-page-78
METROGO!,Fruit Salad,Large,"$6.99
 ea.",,$1.04 /100g,,,https://product-images.metro.ca/images/hef/h29/8894295146526.jpg,https://www.metro.ca/en/online-grocery/search-page-78
OASIS,"Fruit Fusion Fruit Juice, Hydrafruit",960 mL,"$2.39
 ea.",,$0.25 /100ml,,,,https://www.metro.ca/en/online-grocery/search-page-78
CAVENDISH FARMS,"Frozen Straight Cut Cracked Pepper Fries, FlavourCrisp",750 g,"$4.99
 ea.",,$0.67 /100g,,,,https://www.metro.ca/en/online-grocery/search-page-78
MAPLE LEAF,"Uncured Baked Ham, Natural Selections",175 g,"$8.99
 ea.",,$5.14 /100g,,"Valid until Jan 10, 2024",,https://www.metro.ca/en/online-grocery/search-page-79
CORDON BLEU,Meatballs In Gravy With Round Potatoes,410 g,"$5.79
 ea.",,$1.41 /100g,,,https://product-images.metro.ca/images/hd4/ha3/11281584422942.jpg,https://www.metro.ca/en/online-grocery/search-page-79
CADBURY,"Chocolate Bar, Wunderbar",58 g,"$1.69
 ea.",,$2.91 /100g,,,,https://www.metro.ca/en/online-grocery/search-page-79
CLOVER LEAF,"Light Tuna Chunks In Water, Gourmet",142 g,"$3.49
 ea.",,$2.46 /100g,,,,https://www.metro.ca/en/online-grocery/search-page-79
BETTY CROCKER,Instant Creamy Scalloped Potatoes,141 g,"$3.99
 ea.",,$2.83 /100g,,,https://product-images.metro.ca/images/h01/hf8/10393688703006.jpg,https://www.metro.ca/en/online-grocery/search-page-79
IRRESISTIBLES,"Spicy Red Pepper Salami, Artisan",,"$4.99
 / 100 g",,$49.90 /kg$22.63 /lb.,"Regular price
$53.90  / kg","Valid until Jan 17, 2024",,https://www.metro.ca/en/online-grocery/search-page-79
PARLOUR,Cookies And Cream Flavoured Frozen Dessert,1.5 L,"$5.99
 ea.",,$0.40 /100ml,,,https://product-images.metro.ca/images/h89/hf9/11191483564062.jpg,https://www.metro.ca/en/online-grocery/search-page-79
CEDAR,Small Red Kidneys,540 mL,"$1.99
 ea.",,$0.37 /100ml,"Regular price
$2.79  ea.","Valid until Jan 24, 2024",https://product-images.metro.ca/images/hef/hf8/9719610474526.jpg,https://www.metro.ca/en/online-grocery/search-page-79
BICK'S,"Sliced Sweet Pickles, Yum Yum",1 L,"$6.49
 ea.",,$0.65 /100ml,,,,https://www.metro.ca/en/online-grocery/search-page-79
SELECTION,Jasmine Rice,900 g,"$4.99
 ea.",,$0.55 /100g,,,https://product-images.metro.ca/images/hba/he7/9906487820318.jpg,https://www.metro.ca/en/online-grocery/search-page-79
PHILADELPHIA,Strawberry Cream Cheese,227 g,"$6.49
 ea.",,$2.86 /100g,,,https://product-images.metro.ca/images/hd1/hda/10443182440478.jpg,https://www.metro.ca/en/online-grocery/search-page-79
FONTAINE SANTÉ,Meatless Végépâté,227 g,"$5.79
 ea.",,$2.55 /100g,,,https://product-images.metro.ca/images/ha3/hda/11117272956958.jpg,https://www.metro.ca/en/online-grocery/search-page-79
HABITANT,"Sliced Pickled Beets, Homestyle",750 mL,"$4.99
 ea.",,$0.67 /100ml,"Regular price
$5.99  ea.","Valid until Jan 24, 2024",,https://www.metro.ca/en/online-grocery/search-page-79
CAVENDISH FARMS,"Frozen Sweet Potato Straight Cut Fries, FlavourCrisp",454 g,"$4.99
 ea.",,$1.10 /100g,,,,https://www.metro.ca/en/online-grocery/search-page-79
METROGO!,Greek Salad,Medium,"2 / 
$9.99",,or $5.99 ea. $1.25 /100g,,"Valid until Jan 10, 2024",https://product-images.metro.ca/images/h40/hff/8837192187934.jpg,https://www.metro.ca/en/online-grocery/search-page-79
KELLOGG'S,"Cereal Jumbo Size, Two Scoops Raisin Bran",1.15 kg,"$10.99
 ea.",,$0.96 /100g,,,,https://www.metro.ca/en/online-grocery/search-page-79
GRISSOL,"Rosemary And Olive Oil Toasted Snack Bread, Baguettes",120 g,"$1.99
 ea.",,$1.66 /100g,"Regular price
$4.29  ea.","Valid until Jan 10, 2024",,https://www.metro.ca/en/online-grocery/search-page-79
IRRESISTIBLES,Half Apple And Half Strawberry Rhubarb Deep Dish Pie...,750 g,"$7.99
 ea.",,$1.07 /100g,"Regular price
$10.49  ea.","Valid until Jan 10, 2024",,https://www.metro.ca/en/online-grocery/search-page-79
METROGO!,Macaroni And Oka Cheese,,"$8.03
 avg. ea.",(310 g avg.),$25.90 /kg$11.75 /lb.,,,https://product-images.metro.ca/images/he3/hb6/11926680764446.jpg,https://www.metro.ca/en/online-grocery/search-page-79
PARLOUR,Chocolate Dipped Vanilla Flavoured Frozen Dessert Bars,12x60 mL,"$6.29
 ea.",,$0.87 /100ml,,,https://product-images.metro.ca/images/h1a/h25/11191481008158.jpg,https://www.metro.ca/en/online-grocery/search-page-79
NATUR-A,Chocolate Flavoured Organic Fortified Soy Beverage,3x200 mL,"$3.29
 ea.",,$0.55 /100ml,"Regular price
$3.79  ea.","Valid until Feb 7, 2024",https://product-images.metro.ca/images/h2b/h57/10433042382878.jpg,https://www.metro.ca/en/online-grocery/search-page-79
MADEGOOD,Chocolate-Banana Granola Bars,5x24 g,"$3.99
 ea.",,$3.32 /100g,"Regular price
$4.99  ea.","Valid until Feb 7, 2024",https://product-images.metro.ca/images/h3a/h35/11696056041502.jpg,https://www.metro.ca/en/online-grocery/search-page-79
CANTON,Red Wine Broth For Fondue And Cooking,1.1 L,"$4.99
 ea.",,$0.45 /100ml,"Regular price
$5.79  ea.","Valid until Jan 24, 2024",https://product-images.metro.ca/images/h6e/h2f/11088022503454.jpg,https://www.metro.ca/en/online-grocery/search-page-79
IRRESISTIBLES,Frozen Diced Avocados,400 g,"3 / 
$12.99",,or $5.99 ea. $1.08 /100g,,"Valid until Feb 14, 2024",https://product-images.metro.ca/images/h38/hb9/11521331331102.jpg,https://www.metro.ca/en/online-grocery/search-page-79
CARLOS PEPITO,Original Red Sangria Flavoured Alcoholic Malt Bevera...,1 L,"$7.99
 ea.",,$0.80 /100ml,"Regular price
$9.99  ea.","Valid until Feb 7, 2024",,https://www.metro.ca/en/online-grocery/search-page-79
BUTTERBALL,Frozen Seasoned Boneless Turkey Breast,1.5 kg,"$33.99
 ea.",,$2.27 /100g,"Regular price
$34.99  ea.","Valid until Jan 17, 2024",https://product-images.metro.ca/images/h36/hd9/10471947075614.jpg,https://www.metro.ca/en/online-grocery/search-page-79
ESKA,Orange Flavoured Carbonated Spring Water,1 L,"$1.29
 ea.",,$0.13 /100ml,"Regular price
$1.59  ea.","Valid until Feb 7, 2024",https://product-images.metro.ca/images/hb4/h50/10268207153182.jpg,https://www.metro.ca/en/online-grocery/search-page-79
IRRESISTIBLES,Fig And Olive Crackers,150 g,"3 / 
$11.97",,or $4.99 ea. $2.66 /100g,"Regular price
$5.99  ea.","Valid until Jan 24, 2024",https://product-images.metro.ca/images/h14/h6e/11521051688990.jpg,https://www.metro.ca/en/online-grocery/search-page-79
DIMPFLMEIER,Rye Bread With Sunflower Seeds,454 g,"$4.19
 ea.",,$0.92 /100g,,,https://product-images.metro.ca/images/hbf/h6f/11401324691486.jpg,https://www.metro.ca/en/online-grocery/search-page-79
MAPLE LEAF,"Reduced Salt Fully Cooked Bacon Slices, Ready Crisp",65 g,"$7.99
 ea.",,$12.29 /100g,"Regular price
$8.99  ea.","Valid until Jan 17, 2024",,https://www.metro.ca/en/online-grocery/search-page-79
KELLOGG'S,"Apple Cinnamon Cereal Bars, Nutri-Grain","8 bars, 295 g","$2.99
 ea.",,$1.01 /100g,"Regular price
$4.49  ea.","Valid until Jan 10, 2024",,https://www.metro.ca/en/online-grocery/search-page-80
CHIPS AHOY!,"Chocolate Chunk Cookies, Value Pack",460 g,"$4.49
 ea.",,$0.98 /100g,"Regular price
$5.99  ea.","Valid until Jan 10, 2024",,https://www.metro.ca/en/online-grocery/search-page-80
SELECTION,Walnut Pieces,100 g,"$2.49
 ea.",,$2.49 /100g,,,https://product-images.metro.ca/images/hbd/h7a/10715310260254.jpg,https://www.metro.ca/en/online-grocery/search-page-80
MOISHES,Famous Coleslaw,454 g,"$4.99
 ea.",,$1.10 /100g,,,https://product-images.metro.ca/images/hb5/h2e/8820959117342.jpg,https://www.metro.ca/en/online-grocery/search-page-80
LESTERS,Eye Of Round Pastrami,,"$4.19
 / 100 g",,$41.90 /kg$19.01 /lb.,,,https://product-images.metro.ca/images/hdd/heb/10382879719454.jpg,https://www.metro.ca/en/online-grocery/search-page-80
LA BELLE BRETAGNE,Glazed Country-Style Pâté With Pepper,150 g,"$4.69
 ea.",,$3.13 /100g,,,https://product-images.metro.ca/images/h3d/hbb/11292663185438.jpg,https://www.metro.ca/en/online-grocery/search-page-80
BÙ,"Italian Red Wine, Glissando",750 mL,"$17.29
 ea.",,$2.31 /100ml,,,,https://www.metro.ca/en/online-grocery/search-page-80
MCCAIN,"Frozen Vanilla Cake, Deep'N Delicious",510 g,"$7.49
 ea.",,$1.47 /100g,,,,https://www.metro.ca/en/online-grocery/search-page-80
IRRESISTIBLES,Frozen Beef And Pork Cabbage Rolls,1.13 kg,"$15.99
 ea.",,$1.42 /100g,,,https://product-images.metro.ca/images/h23/h0b/10405053497374.jpg,https://www.metro.ca/en/online-grocery/search-page-80
CEDAR,Medium Couscous,907 g,"$4.29
 ea.",,$0.47 /100g,"Regular price
$4.99  ea.","Valid until Jan 24, 2024",https://product-images.metro.ca/images/hfd/h1c/8847672541214.jpg,https://www.metro.ca/en/online-grocery/search-page-80
NATREL,Lactose Free 10% Coffee Cream,1 L,"$6.59
 ea.",,$0.66 /100ml,,,https://product-images.metro.ca/images/h1f/ha4/9521970446366.jpg,https://www.metro.ca/en/online-grocery/search-page-80
BIOVERT,Organic Citrus Fresh Scented Liquid Dish Soap,700 ml,"$3.69
 ea.",,$0.53 /100ml,,,https://product-images.metro.ca/images/h4a/h63/9836156944414.jpg,https://www.metro.ca/en/online-grocery/search-page-80
COATICOOK,Black Cherry Flavoured Old-Fashioned Ice Cream,2 L,"$5.99
 ea.",,$0.30 /100ml,,,https://product-images.metro.ca/images/he3/h06/11477789343774.jpg,https://www.metro.ca/en/online-grocery/search-page-80
ROYAL NUTS,Unsalted Dry Roasted Pecans,250 g,"$13.99
 ea.",,$5.60 /100g,"Regular price
$15.99  ea.","Valid until Jan 10, 2024",https://product-images.metro.ca/images/h1a/h87/11849388523550.jpg,https://www.metro.ca/en/online-grocery/search-page-80
TIM HORTONS,"Hot Chocolate Mix, Smooth & Creamy",500 g,"$5.99
 ea.",,$1.20 /100g,,,,https://www.metro.ca/en/online-grocery/search-page-80
IRRESISTIBLES,Fresh Oregano,21 g,"$2.99
 ea.",,$2.99 /un.,,,https://product-images.metro.ca/images/h1b/hca/8959534465054.jpg,https://www.metro.ca/en/online-grocery/search-page-80
SELECTION,Sweetened Apple And Strawberry Sauce Snacks,6x113 g,"3 / 
$6.00",,or $2.99 ea. $0.29 /100g,,"Valid until Feb 7, 2024",https://product-images.metro.ca/images/h38/h97/9518484258846.jpg,https://www.metro.ca/en/online-grocery/search-page-80
SELECTION,Extra Old White Cheddar Cheese,250 g,"$5.29
 ea.",,$2.12 /100g,,,https://product-images.metro.ca/images/h7b/hd6/9518545862686.jpg,https://www.metro.ca/en/online-grocery/search-page-80
AGROPUR SIGNATURE,"Camembert Cheese, L'Extra",170 g,"$8.00
 ea.",,$4.71 /100g,"Regular price
$8.79  ea.","Valid until Jan 10, 2024",,https://www.metro.ca/en/online-grocery/search-page-80
FONTAINE SANTÉ,"Hummus With Chipotle, Humm!",227 g,"$4.79
 ea.",,$2.11 /100g,"Regular price
$5.29  ea.","Valid until Jan 17, 2024",,https://www.metro.ca/en/online-grocery/search-page-80
SELECTION,"Basket Coffee Filters, Value Pack",200 un,"$4.29
 ea.",,$0.02 /un.,,,,https://www.metro.ca/en/online-grocery/search-page-80
LAFLEUR,Jumbo Original Wieners,450 g,"$6.49
 ea.",,$1.44 /100g,,,https://product-images.metro.ca/images/hec/h05/11449512886302.jpg,https://www.metro.ca/en/online-grocery/search-page-80
KRAFT,Creamy Poppyseed Dressing,475 mL,"$4.49
 ea.",,$0.95 /100ml,,,https://product-images.metro.ca/images/hef/h1f/12196751769630.jpg,https://www.metro.ca/en/online-grocery/search-page-80
LESTERS,All Beef Salami,,"$2.59
 / 100 g",,$25.90 /kg$11.75 /lb.,"Regular price
$27.90  / kg","Valid until Jan 17, 2024",https://product-images.metro.ca/images/h12/h33/9708227035166.jpg,https://www.metro.ca/en/online-grocery/search-page-80
KELLOGG'S,"Rainbow Bars, Rice Krispies Squares","8 bars, 176 g","$2.99
 ea.",,$1.70 /100g,"Regular price
$4.49  ea.","Valid until Jan 10, 2024",,https://www.metro.ca/en/online-grocery/search-page-80
GASPÉSIEN,Cretons,200 g,"$5.99
 ea.",,$3.00 /100g,,,https://product-images.metro.ca/images/hb4/h1e/11693715324958.jpg,https://www.metro.ca/en/online-grocery/search-page-80
MCCAIN,Frozen Pepperoni Pizza Pockets,3x300 g,"$5.49
 ea.",,$1.83 /100g,,,https://product-images.metro.ca/images/hf3/h1c/12227452993566.jpg,https://www.metro.ca/en/online-grocery/search-page-80
LA PETITE BRETONNE,Madeleine Cakes,280 g,"$5.29
 ea.",,$1.89 /100g,"Regular price
$5.99  ea.","Valid until Feb 7, 2024",https://product-images.metro.ca/images/h10/h84/10845161488414.jpg,https://www.metro.ca/en/online-grocery/search-page-80
MAPLE LEAF,Pure Pork Sausages,500 g,"$8.49
 ea.",,$1.70 /100g,"Regular price
$8.99  ea.","Valid until Jan 17, 2024",https://product-images.metro.ca/images/hbc/h94/12174913044510.jpg,https://www.metro.ca/en/online-grocery/search-page-80
MINUTE MAID,Frozen Concentrated Peach Punch,295 mL,"$1.99
 ea.",,$0.67 /100ml,,,https://product-images.metro.ca/images/hc4/h41/10495692570654.jpg,https://www.metro.ca/en/online-grocery/search-page-80
AQUAFINA,Demineralized Treated Water,591 mL,"$2.29
 ea.",,$0.39 /100ml,,,https://product-images.metro.ca/images/hda/ha9/10135944724510.jpg,https://www.metro.ca/en/online-grocery/search-page-81
IRRESISTIBLES,Frozen Breaded Torpedo Shrimp,284 g,"$11.99
 ea.",,$4.22 /100g,,,https://product-images.metro.ca/images/h34/h44/11068807807006.jpg,https://www.metro.ca/en/online-grocery/search-page-81
IRRESISTIBLES,Avalanche Of Caramel Tornado Ice Cream,1.5 L,"$5.49
 ea.",,$0.37 /100ml,"Regular price
$7.29  ea.","Valid until Jan 10, 2024",https://product-images.metro.ca/images/h7c/h9c/11521030848542.jpg,https://www.metro.ca/en/online-grocery/search-page-81
DEL MONTE,Pear Halves In Water Without Added Sugar,796 mL,"$5.99
 ea.",,$0.75 /100ml,,,https://product-images.metro.ca/images/h65/h44/10309908037662.jpg,https://www.metro.ca/en/online-grocery/search-page-81
FONTAINE SANTÉ,Country Style Végépâté,227 g,"$5.79
 ea.",,$2.55 /100g,,,https://product-images.metro.ca/images/hb2/h82/11117269680158.jpg,https://www.metro.ca/en/online-grocery/search-page-81
IRRESISTIBLES,Large Raw And Cleaned Frozen Pacific White Shrimps,"680 g, size 31-40","$13.99
 ea.",,$2.06 /100g,"Regular price
$20.99  ea.","Valid until Jan 17, 2024",https://product-images.metro.ca/images/h48/hf3/9910134865950.jpg,https://www.metro.ca/en/online-grocery/search-page-81
ALEXIS DE PORTNEUF,Brise Du Matin™ Double Cream Brie Cheese,125 g,"$4.99
 ea.",,$3.99 /100g,"Regular price
$6.99  ea.","Valid until Jan 17, 2024",https://product-images.metro.ca/images/h00/he9/10433040973854.jpg,https://www.metro.ca/en/online-grocery/search-page-81
LONEY'S,Dehydrated Chicken Broth,400 g,"$6.29
 ea.",,$1.57 /100g,"Regular price
$6.99  ea.","Valid until Jan 24, 2024",https://product-images.metro.ca/images/h10/h0a/9554227757086.jpg,https://www.metro.ca/en/online-grocery/search-page-81
CLOVER LEAF,Skinless Boneless Pink Salmon In Water,150 g,"$3.99
 ea.",,$2.66 /100g,"Regular price
$4.99  ea.","Valid until Jan 24, 2024",https://product-images.metro.ca/images/he0/hf0/11675981348894.jpg,https://www.metro.ca/en/online-grocery/search-page-81
BOLTHOUSE FARMS,Green Goodness® Fruit Juice Smoothie,946 mL,"$6.99
 ea.",,$0.74 /100ml,,,https://product-images.metro.ca/images/ha7/hd3/9529674203166.jpg,https://www.metro.ca/en/online-grocery/search-page-81
METROGO!,Watermelon Chunks,Small,"$2.49
 ea.",,$0.74 /100g,,,https://product-images.metro.ca/images/h3b/h5c/11931025702942.jpg,https://www.metro.ca/en/online-grocery/search-page-81
DANACTIVE,1.5% Strawberry-Banana Flavoured Drinkable Probiotic...,8x93 mL,"$5.49
 ea.",,$0.74 /100ml,"Regular price
$6.49  ea.","Valid until Feb 14, 2024",,https://www.metro.ca/en/online-grocery/search-page-81
LACTANTIA,Healthy Attitude Omega 3® Margarine,850 g,"$7.29
 ea.",,$0.86 /100g,,,https://product-images.metro.ca/images/h40/hb1/12050653446174.jpg,https://www.metro.ca/en/online-grocery/search-page-81
DRUMSTICK,Sweet 'N' Salty Caramel Dessert Cones,4x130 mL,"$5.99
 ea.",,$1.15 /100ml,"Regular price
$8.79  ea.","Valid until Jan 24, 2024",https://product-images.metro.ca/images/h7a/h44/10183808352286.jpg,https://www.metro.ca/en/online-grocery/search-page-81
QUAKER,"White Cheddar Flavoured Brown Rice Cakes, Crispy Minis",140 g,"$3.99
 ea.",,$2.85 /100g,,,,https://www.metro.ca/en/online-grocery/search-page-81
DARE,"Brownie Soft Cookies, Bear Paws",240 g,"$4.69
 ea.",,$1.95 /100g,,,,https://www.metro.ca/en/online-grocery/search-page-81
SUMMER FRESH,Roasted Red Pepper Hummus,255 g,"$4.49
 ea.",,$1.76 /100g,"Regular price
$6.29  ea.","Valid until Jan 17, 2024",https://product-images.metro.ca/images/h62/hcd/10715340210206.jpg,https://www.metro.ca/en/online-grocery/search-page-81
HELLMANN'S,Reduced Fat Light Mayonnaise Type Dressing,1.42 L,"$8.99
 ea.",,$0.63 /100ml,,,https://product-images.metro.ca/images/hb7/h4b/12279399874590.jpg,https://www.metro.ca/en/online-grocery/search-page-81
NATUR-A,Original Flavour Organic Enriched Soy Beverage,946 mL,"$3.49
 ea.",,$0.37 /100ml,,,https://product-images.metro.ca/images/h58/hde/10433032126494.jpg,https://www.metro.ca/en/online-grocery/search-page-81
RIVIERA,0% Lactose Free Plain Greek Yogurt,750 g,"$5.99
 ea.",,$0.80 /100g,"Regular price
$7.79  ea.","Valid until Feb 14, 2024",https://product-images.metro.ca/images/hed/h1e/11570844565534.jpg,https://www.metro.ca/en/online-grocery/search-page-81
EXCELDOR,Whole Chicken,Under 2 kg,"$17.16
 avg. ea.","(1,500 g avg.)",$11.44 /kg$5.19 /lb.,,,https://product-images.metro.ca/images/h94/hea/12042597269534.jpg,https://www.metro.ca/en/online-grocery/search-page-81
KELLOGG'S,"Cereal, Corn Pops",320 g,"$4.49
 ea.",,$1.40 /100g,"Regular price
$6.79  ea.","Valid until Feb 7, 2024",,https://www.metro.ca/en/online-grocery/search-page-81
METROGO!,Chicken Skewers,4 souvlaki per tray,"$20.05
 avg. ea.",(650 g avg.),$30.84 /kg$13.99 /lb.,,,https://product-images.metro.ca/images/hc9/h10/9233878876190.jpg,https://www.metro.ca/en/online-grocery/search-page-81
SELECTION,Baking Powder,450 g,"$6.29
 ea.",,$1.40 /100g,,,https://product-images.metro.ca/images/h35/hc1/9679377563678.jpg,https://www.metro.ca/en/online-grocery/search-page-81
SELECTION,Fusilli Pasta,900 g,"$1.47
 ea.",,$0.16 /100g,"Regular price
$2.99  ea.","Valid until Jan 10, 2024",https://product-images.metro.ca/images/h67/h93/10402322710558.jpg,https://www.metro.ca/en/online-grocery/search-page-81
IRRESISTIBLES,Frozen Chicken Spring Rolls,300 g,"$6.99
 ea.",,$2.33 /100g,,,https://product-images.metro.ca/images/h83/h44/8819501793310.jpg,https://www.metro.ca/en/online-grocery/search-page-81
AYLMER,Condensed Vegetable Soup,284 mL,"$1.99
 ea.",,$0.70 /100ml,,,https://product-images.metro.ca/images/h63/h9a/9730750808094.jpg,https://www.metro.ca/en/online-grocery/search-page-81
CORDON BLEU,Meatballs In Gravy,410 g,"$5.79
 ea.",,$1.41 /100g,,,https://product-images.metro.ca/images/h1b/h4c/11281585078302.jpg,https://www.metro.ca/en/online-grocery/search-page-81
,Steak Spice Seasoned Inside Round Steak,,"$5.70
 avg. ea.",(225 g avg.),$25.33 /kg$11.49 /lb.,"Regular price
$26.87  avg. kg","Valid until Jan 10, 2024",https://product-images.metro.ca/images/h29/h7c/9233874845726.jpg,https://www.metro.ca/en/online-grocery/search-page-81
RENÉE'S GOURMET,Chunky Blue Cheese Dressing And Dip,355 mL,"$5.99
 ea.",,$1.69 /100ml,,,https://product-images.metro.ca/images/h89/hbd/9986772369438.jpg,https://www.metro.ca/en/online-grocery/search-page-81
KRINOS,Cow And Goat Milk Crumbled Feta Cheese,170 g,"$5.49
 ea.",,$3.23 /100g,"Regular price
$7.29  ea.","Valid until Jan 17, 2024",https://product-images.metro.ca/images/he5/hf1/11541009956894.jpg,https://www.metro.ca/en/online-grocery/search-page-82
LA FERNANDIÈRE,Cheddar And Apple Sausages,375 g,"$6.29
 ea.",,$1.68 /100g,,,https://product-images.metro.ca/images/h92/hd0/11432678227998.jpg,https://www.metro.ca/en/online-grocery/search-page-82
SELECTION,Hashbrown Potatoes,1 kg,"$2.99
 ea.",,$0.30 /100g,"Regular price
$3.69  ea.","Valid until Feb 14, 2024",https://product-images.metro.ca/images/h3d/h89/10390645440542.jpg,https://www.metro.ca/en/online-grocery/search-page-82
SELECTION,Parmesan Fondue,375 g,"$5.99
 ea.",,$1.60 /100g,"Regular price
$6.49  ea.","Valid until Jan 10, 2024",https://product-images.metro.ca/images/hec/h67/9098469146654.jpg,https://www.metro.ca/en/online-grocery/search-page-82
RIVIERA,Mild Marble Lactose Free Cheddar Cheese,270 g,"$7.49
 ea.",,$2.77 /100g,,,https://product-images.metro.ca/images/h9d/h3d/9652862517278.jpg,https://www.metro.ca/en/online-grocery/search-page-82
CLARK,Beans With Pork And Molasses,398 mL,"$2.69
 ea.",,$0.68 /100ml,,,https://product-images.metro.ca/images/he2/hc3/9811245563934.jpg,https://www.metro.ca/en/online-grocery/search-page-82
GOGO SQUEEZ,Apple And Strawberry Sauce Pouches,4x90 g,"$4.99
 ea.",,$1.39 /100g,,,https://product-images.metro.ca/images/hbd/h3b/10695651426334.jpg,https://www.metro.ca/en/online-grocery/search-page-82
SELECTION,Long Grain White Rice,2 kg,"$4.99
 ea.",,$0.25 /100g,"Regular price
$6.99  ea.","Valid until Jan 10, 2024",https://product-images.metro.ca/images/h18/h5f/8854985343006.jpg,https://www.metro.ca/en/online-grocery/search-page-82
SELECTION,Tomato Juice With 50% Less Salt,1.36 L,"$3.49
 ea.",,$0.26 /100ml,,,https://product-images.metro.ca/images/had/hf1/8814320615454.jpg,https://www.metro.ca/en/online-grocery/search-page-82
,Small Red Grapefruit,Sold individually,"$1.99
 ea.",,$1.99 /un.,,,https://product-images.metro.ca/images/h21/h5c/8878245707806.jpg,https://www.metro.ca/en/online-grocery/search-page-82
SELECTION,Sweetened Apple And Raspberry Sauce Snacks,6x113 g,"3 / 
$6.00",,or $2.99 ea. $0.29 /100g,,"Valid until Feb 7, 2024",https://product-images.metro.ca/images/hc4/h66/9518117650462.jpg,https://www.metro.ca/en/online-grocery/search-page-82
IRRESISTIBLES,"Frozen Shell-On, Deveined Raw Pacific White Shrimp","340 g, size 71-90","$8.00
 ea.",,$2.35 /100g,"Regular price
$8.99  ea.","Valid until Jan 17, 2024",https://product-images.metro.ca/images/h8f/h9d/10014110515230.jpg,https://www.metro.ca/en/online-grocery/search-page-82
SELECTION,Whole Tomatoes,796 mL,"$1.99
 ea.",,$0.25 /100ml,"Regular price
$2.19  ea.","Valid until Jan 24, 2024",https://product-images.metro.ca/images/hae/hdd/9518798372894.jpg,https://www.metro.ca/en/online-grocery/search-page-82
TRE STELLE,Light Bocconcini Cheese,200 g,"$6.99
 ea.",,$3.50 /100g,"Regular price
$7.79  ea.","Valid until Jan 17, 2024",https://product-images.metro.ca/images/h61/hbd/10821291180062.jpg,https://www.metro.ca/en/online-grocery/search-page-82
SELECTION,Potato Salad,800 g,"$5.99
 ea.",,$0.75 /100g,,,https://product-images.metro.ca/images/h28/h82/11521075445790.jpg,https://www.metro.ca/en/online-grocery/search-page-82
LACTANTIA,"3.25% Lactose Free Milk, PurFiltre",2 L,"$5.79
 ea.",,$0.29 /100ml,"Regular price
$6.49  ea.","Valid until Jan 10, 2024",,https://www.metro.ca/en/online-grocery/search-page-82
QUAKER,Italian Herbs And Olive Oil Flavoured Brown Rice Chi...,90 g,"$3.99
 ea.",,$4.43 /100g,,,,https://www.metro.ca/en/online-grocery/search-page-82
MAGIC,Baking Powder,450 g,"$7.29
 ea.",,$1.62 /100g,,,https://product-images.metro.ca/images/h71/h49/11412517650462.jpg,https://www.metro.ca/en/online-grocery/search-page-82
CATELLI,"Rotini, Tri-Colour",375 g,"$3.99
 ea.",,$1.06 /100g,,,,https://www.metro.ca/en/online-grocery/search-page-82
FONTAINE SANTÉ,Jalapeño Flavoured Hummus,255 g,"$4.99
 ea.",,$1.96 /100g,"Regular price
$5.29  ea.","Valid until Jan 17, 2024",https://product-images.metro.ca/images/hc8/hea/11117361496094.jpg,https://www.metro.ca/en/online-grocery/search-page-82
LAY'S,Classic Flavour Chips,66 g,"$2.19
 ea.",,$3.32 /100g,,,https://product-images.metro.ca/images/h07/h18/11679612502046.jpg,https://www.metro.ca/en/online-grocery/search-page-82
FRANÇOIS HUBERT,25% Less Salt Pie Dough,1 kg,"$6.49
 ea.",,$0.65 /100g,"Regular price
$6.99  ea.","Valid until Jan 17, 2024",https://product-images.metro.ca/images/hc4/hd1/11449516228638.jpg,https://www.metro.ca/en/online-grocery/search-page-82
REALIME,Lime Juice,440 mL,"$2.99
 ea.",,$0.68 /100ml,,,https://product-images.metro.ca/images/h0a/h22/10091086970910.jpg,https://www.metro.ca/en/online-grocery/search-page-82
SELECTION,Pitted Black Olives,398 mL,"$3.19
 ea.",,$0.80 /100ml,,,https://product-images.metro.ca/images/ha0/he8/8845148749854.jpg,https://www.metro.ca/en/online-grocery/search-page-82
ALLEN'S,Double Strength Cleaning Vinegar,2.5 L,"$5.49
 ea.",,$0.22 /100ml,,,https://product-images.metro.ca/images/h2e/h94/9522422841374.jpg,https://www.metro.ca/en/online-grocery/search-page-82
SELECTION,Frozen Mini Sausages In Pastry,"16 pieces, 281 g","$8.99
 ea.",,$3.20 /100g,,,https://product-images.metro.ca/images/h55/haf/10269059842078.jpg,https://www.metro.ca/en/online-grocery/search-page-82
UNICO,Pitted Ripe Olives,375 mL,"$2.49
 ea.",,$0.66 /100ml,"Regular price
$3.29  ea.","Valid until Jan 24, 2024",https://product-images.metro.ca/images/h31/h01/11133626744862.jpg,https://www.metro.ca/en/online-grocery/search-page-82
CLOVER LEAF,Hardwood Smoked Oysters,85 g,"2 / 
$5.00",,$2.94 /100g,"Regular price
$2.99  ea.","Valid until Jan 24, 2024",https://product-images.metro.ca/images/hfd/h8a/11675979579422.jpg,https://www.metro.ca/en/online-grocery/search-page-82
PLAISIRS GASTRONOMIQUES,Chicken Salad,350 g,"$8.99
 ea.",,$2.57 /100g,"Regular price
$9.99  ea.","Valid until Jan 10, 2024",https://product-images.metro.ca/images/hdf/hd0/9847157882910.jpg,https://www.metro.ca/en/online-grocery/search-page-82
ST-HUBERT,Roast Beef Gravy,398 mL,"$2.69
 ea.",,$0.68 /100ml,,,https://product-images.metro.ca/images/h20/h35/10239145476126.jpg,https://www.metro.ca/en/online-grocery/search-page-82
PREMIÈRE MOISSON,Maple Flavoured Pecan Twists,4x80 g,"$6.99
 ea.",,$2.18 /100g,,,https://product-images.metro.ca/images/h0d/h67/10279038287902.jpg,https://www.metro.ca/en/online-grocery/search-page-83
PLATINUM,AAA Platinum Angus Trim Tenderloins,2 per tray,"$50.58
 avg. ea.",(450 g avg.),$112.41 /kg$50.99 /lb.,,,https://product-images.metro.ca/images/h3a/hf5/9185797832734.jpg,https://www.metro.ca/en/online-grocery/search-page-83
NATREL,"2% Organic Milk, Fine-Filtered",2 L,"$7.99
 ea.",,$0.40 /100ml,,,,https://www.metro.ca/en/online-grocery/search-page-83
SUN-MAID,"Natural California Raisins, Mini-Packs",14x14 g,"$3.99
 ea.",,$2.04 /100g,,,,https://www.metro.ca/en/online-grocery/search-page-83
LECLERC,"Moist Carrot Muffin Bars, Muffin Max",223 g,"$1.77
 ea.",,$0.79 /100g,"Regular price
$3.79  ea.","Valid until Jan 10, 2024",,https://www.metro.ca/en/online-grocery/search-page-83
TOUCH,Regular Round Toothpicks,250 un,"$2.69
 ea.",,$0.01 /un.,,,https://product-images.metro.ca/images/he6/h16/8809854795806.jpg,https://www.metro.ca/en/online-grocery/search-page-83
IRRESISTIBLES,Whole Natural Almonds,250 g,"$5.99
 ea.",,$2.40 /100g,"Regular price
$6.99  ea.","Valid until Jan 10, 2024",https://product-images.metro.ca/images/h3c/h8a/10390740992030.jpg,https://www.metro.ca/en/online-grocery/search-page-83
CHEF BOYARDEE,"Pasta And Beef In Tomato Sauce, Beefaroni",425 g,"$2.79
 ea.",,$0.66 /100g,"Regular price
$3.49  ea.","Valid until Jan 24, 2024",,https://www.metro.ca/en/online-grocery/search-page-83
MINUTE MAID,Frozen Concentrated Original Orange Juice,295 mL,"2 / 
$4.00",,$0.68 /100ml,"Regular price
$2.49  ea.","Valid until Jan 10, 2024",https://product-images.metro.ca/images/h03/h73/10495693455390.jpg,https://www.metro.ca/en/online-grocery/search-page-83
RUSTICA,Traditional Tomato Pizza,150 g,"$3.19
 ea.",,$2.13 /100g,,,https://product-images.metro.ca/images/h2f/ha0/10101032353822.jpg,https://www.metro.ca/en/online-grocery/search-page-83
SELECTION,Peach Juice From Concentrate,1 L,"$1.49
 ea.",,$0.15 /100ml,"Regular price
$1.89  ea.","Valid until Jan 24, 2024",https://product-images.metro.ca/images/h18/h6c/11521008959518.jpg,https://www.metro.ca/en/online-grocery/search-page-83
IRRESISTIBLES,Pineapple Juice,1.65 L,"$5.79
 ea.",,$0.35 /100ml,,,https://product-images.metro.ca/images/h66/h36/9519505932318.jpg,https://www.metro.ca/en/online-grocery/search-page-83
SELECTION,Linguine Pasta,900 g,"$1.47
 ea.",,$0.16 /100g,"Regular price
$2.99  ea.","Valid until Jan 10, 2024",https://product-images.metro.ca/images/he2/hd6/12191687802910.jpg,https://www.metro.ca/en/online-grocery/search-page-83
SELECTION,Blanched And Salted Peanuts,800 g,"$5.99
 ea.",,$0.75 /100g,"Regular price
$6.49  ea.","Valid until Jan 24, 2024",https://product-images.metro.ca/images/hb5/hdd/11521048117278.jpg,https://www.metro.ca/en/online-grocery/search-page-83
ORVILLE REDENBACHER,"Reduced Fat And Tans Fat-Free Popping Corn, Smart Po...",420 g,"$5.49
 ea.",,$1.31 /100g,"Regular price
$6.99  ea.","Valid until Jan 24, 2024",,https://www.metro.ca/en/online-grocery/search-page-83
SELECTION,Fettuccine Pasta,900 g,"$1.47
 ea.",,$0.16 /100g,"Regular price
$2.99  ea.","Valid until Jan 10, 2024",https://product-images.metro.ca/images/h16/ha2/12191687540766.jpg,https://www.metro.ca/en/online-grocery/search-page-83
WONG WING,Frozen Vegetable Egg Rolls,"10 rolls, 680 g","$8.99
 ea.",,$1.32 /100g,,,https://product-images.metro.ca/images/hce/h11/9999256879134.jpg,https://www.metro.ca/en/online-grocery/search-page-83
LECLERC,Butter Cookies Topped With 45% Cocoa Dark Chocolate ...,240 g,"$4.49
 ea.",,$1.87 /100g,,,,https://www.metro.ca/en/online-grocery/search-page-83
NATUREGG,Simply Egg Whites™ Free Run Liquid Egg Whites,500 g,"$5.79
 ea.",,$1.16 /100g,,,https://product-images.metro.ca/images/h06/h4f/12174874804254.jpg,https://www.metro.ca/en/online-grocery/search-page-83
ARAHOVA,Tzatziki Dip,250 g,"$5.79
 ea.",,$2.32 /100g,,,https://www.metro.ca/images/shared/placeholders/icon-no-picture.svg?v=2023.71.1.d1,https://www.metro.ca/en/online-grocery/search-page-83
,"Lean Ground Beef, Pork And Veal, Value Pack",A tray contains on average 1200 g,"$19.81
 / 1200 g",,$16.51 /kg$7.49 /lb.,,,https://product-images.metro.ca/images/h74/h54/9231710584862.jpg,https://www.metro.ca/en/online-grocery/search-page-83
,Organic Mini Cucumbers,340 g,"$4.49
 ea.",,$1.32 /100g,"Regular price
$4.99  ea.","Valid until Jan 10, 2024",https://product-images.metro.ca/images/h30/hc7/8930440773662.jpg,https://www.metro.ca/en/online-grocery/search-page-83
OASIS,"Watermelon Apple Fruit Juice Boxes, Hydrafruit",8x200 mL,"$5.79
 ea.",,$0.36 /100ml,,,,https://www.metro.ca/en/online-grocery/search-page-83
SUNRISE,Soft Tofu,300 g,"$1.99
 ea.",,$0.66 /100g,,,https://product-images.metro.ca/images/h09/hc7/9518659141662.jpg,https://www.metro.ca/en/online-grocery/search-page-83
KRAFT,"Frozen Light Whipped Topping, Cool Whip",1 L,"$6.49
 ea.",,$0.65 /100ml,,,,https://www.metro.ca/en/online-grocery/search-page-83
SELECTION,Sliced Carrots,398 mL,"$2.29
 ea.",,$0.58 /100ml,,,https://product-images.metro.ca/images/hce/h5b/9518827962398.jpg,https://www.metro.ca/en/online-grocery/search-page-83
PURE LIFE,Natural Spring Water,12x330 mL,"$3.79
 ea.",,$0.10 /100ml,,,https://product-images.metro.ca/images/heb/ha1/11022091288606.jpg,https://www.metro.ca/en/online-grocery/search-page-83
MAILLE,Old Style Mustard,500 mL,"$7.99
 ea.",,$1.60 /100ml,"Regular price
$9.49  ea.","Valid until Jan 24, 2024",https://product-images.metro.ca/images/h3b/h39/11374779498526.jpg,https://www.metro.ca/en/online-grocery/search-page-83
,Organic Iceberg Lettuce,Sold individually,"$3.99
 ea.",,$3.99 /un.,"Regular price
$4.99  ea.","Valid until Jan 10, 2024",https://product-images.metro.ca/images/h4d/h91/8873757114398.jpg,https://www.metro.ca/en/online-grocery/search-page-83
AGROPUR SIGNATURE,Oka Semi Soft Cheese,1 piece,"$16.53
 avg. ea.",(425 g avg.),$38.90 /kg$17.64 /lb.,,,https://product-images.metro.ca/images/ha1/hdb/12304919003166.jpg,https://www.metro.ca/en/online-grocery/search-page-83
LA BELLE BRETAGNE,Glazed Liver Pâté,150 g,"$4.69
 ea.",,$3.13 /100g,,,https://product-images.metro.ca/images/h47/h0d/11292666495006.jpg,https://www.metro.ca/en/online-grocery/search-page-84
VOORTMAN,Vanilla Wafers,300 g,"2 / 
$5.00",,$0.83 /100g,"Regular price
$3.49  ea.","Valid until Jan 24, 2024",https://product-images.metro.ca/images/h09/h6e/11117325680670.jpg,https://www.metro.ca/en/online-grocery/search-page-84
IRRESISTIBLES,Chocolate Chip & Chunk Muffins,"4 muffins, 400 g","$6.49
 ea.",,$1.62 /100g,,"Valid until Jan 10, 2024",https://product-images.metro.ca/images/hac/h9b/10475423563806.jpg,https://www.metro.ca/en/online-grocery/search-page-84
COLLATIO,"Bag Of Apples, Gala",907 g,"$5.99
 ea.",,$0.66 /100g,,,,https://www.metro.ca/en/online-grocery/search-page-84
IRRESISTIBLES,"Cut Green Beans, Life Smart",398 mL,"$2.29
 ea.",,$0.58 /100ml,,,,https://www.metro.ca/en/online-grocery/search-page-84
LECLERC,"Ginger Snap Cookies, Tradition",300 g,"$4.99
 ea.",,$1.66 /100g,,,,https://www.metro.ca/en/online-grocery/search-page-84
BICK'S,Garlic Baby Dills Pickles,1 L,"$6.49
 ea.",,$0.65 /100ml,,,https://product-images.metro.ca/images/h9a/h23/12174871560222.jpg,https://www.metro.ca/en/online-grocery/search-page-84
BICK'S,"Sliced 50% Less Salt Tangy Dill Pickles, Sandwich Sa...",500 mL,"$5.99
 ea.",,$1.20 /100ml,,,,https://www.metro.ca/en/online-grocery/search-page-84
IRRESISTIBLES,Whole Smoked Oysters,85 g,"$2.29
 ea.",,$2.69 /100g,"Regular price
$2.69  ea.","Valid until Jan 24, 2024",https://www.metro.ca/images/shared/placeholders/icon-no-picture.svg?v=2023.71.1.d1,https://www.metro.ca/en/online-grocery/search-page-84
WONG WING,Frozen Meat Egg Rolls,"10 rolls, 680 g","$8.99
 ea.",,$1.32 /100g,,,https://product-images.metro.ca/images/h19/h4a/9999244230686.jpg,https://www.metro.ca/en/online-grocery/search-page-84
ZIPLOC,"Large Freezer Bags, Slider",10 un,"$5.99
 ea.",,$0.60 /un.,,,,https://www.metro.ca/en/online-grocery/search-page-84
METROGO!,Deluxe Fruit Salad,Small,"$3.99
 ea.",,$1.14 /100g,,,https://product-images.metro.ca/images/he8/h79/8837117870110.jpg,https://www.metro.ca/en/online-grocery/search-page-84
PREMIUM PLUS,Whole Wheat Crackers,500 g,"$4.79
 ea.",,$0.96 /100g,"Regular price
$5.49  ea.","Valid until Jan 24, 2024",https://product-images.metro.ca/images/h20/h95/12354344288286.jpg,https://www.metro.ca/en/online-grocery/search-page-84
KRAFT,Catalina Dressing,475 mL,"$4.49
 ea.",,$0.95 /100ml,,,https://product-images.metro.ca/images/h14/hbf/12174879850526.jpg,https://www.metro.ca/en/online-grocery/search-page-84
CHEF LELARGE,"Dill And Lemon Sauce Mix, Fine Cuisine",48 g,"3 / 
$5.00",,$3.47 /100g,"Regular price
$2.69  ea.","Valid until Jan 10, 2024",,https://www.metro.ca/en/online-grocery/search-page-84
ST-HUBERT,3 Peppercorn Gravy Mix With 25% Less Salt,27 g,"3 / 
$5.00",,$6.17 /100g,"Regular price
$2.39  ea.","Valid until Jan 10, 2024",https://product-images.metro.ca/images/h74/he7/10170602881054.jpg,https://www.metro.ca/en/online-grocery/search-page-84
RIVIERA,3.25% Set-Style Lemon Yogurt,750 g,"$5.29
 ea.",,$0.71 /100g,,,https://product-images.metro.ca/images/hde/h60/11570841059358.jpg,https://www.metro.ca/en/online-grocery/search-page-84
RIVIERA,Lactose Free Parmesan Cheese Flakes,150 g,"$8.49
 ea.",,$5.66 /100g,,,https://product-images.metro.ca/images/he9/h38/9508252287006.jpg,https://www.metro.ca/en/online-grocery/search-page-84
CHEF BOYARDEE,Beef Ravioli In Tomato And Meat Sauce,425 g,"$2.79
 ea.",,$0.66 /100g,"Regular price
$3.49  ea.","Valid until Jan 24, 2024",https://product-images.metro.ca/images/h84/he9/10882770599966.jpg,https://www.metro.ca/en/online-grocery/search-page-84
KNORR,Au Jus Mix,1 un,"$2.49
 ea.",,$2.49 /un.,,,https://product-images.metro.ca/images/hca/h12/11397228920862.jpg,https://www.metro.ca/en/online-grocery/search-page-84
PREMIÈRE MOISSON,Shaved Cooked White Ham,175 g,"$7.99
 ea.",,$4.57 /100g,"Regular price
$8.49  ea.","Valid until Jan 17, 2024",https://product-images.metro.ca/images/h8b/h2e/11025128226846.jpg,https://www.metro.ca/en/online-grocery/search-page-84
YOPLAIT,"3% Fat Strawberry, Vanilla, And Blueberry Flavour Fr...",6x60 g,"$3.33
 ea.",,$0.93 /100g,"Regular price
$4.29  ea.","Valid until Feb 14, 2024",,https://www.metro.ca/en/online-grocery/search-page-84
DIMPFLMEIER,7 Grains Bread,454 g,"$4.19
 ea.",,$0.92 /100g,,,https://product-images.metro.ca/images/h3b/he4/11319959486494.jpg,https://www.metro.ca/en/online-grocery/search-page-84
SNOWDON BAKERY,Sliced Rye Bread,325 g,"$4.99
 ea.",,$1.54 /100g,,,https://product-images.metro.ca/images/h64/h08/8861800300574.jpg,https://www.metro.ca/en/online-grocery/search-page-84
,Celery Hearts,2 units per package,"$4.99
 ea.",,$2.50 /un.,,,https://product-images.metro.ca/images/h7b/h12/8858947584030.jpg,https://www.metro.ca/en/online-grocery/search-page-84
HEINZ,Tartar Sauce,354 mL,"$3.99
 ea.",,$1.13 /100ml,,,https://product-images.metro.ca/images/hbc/h39/11521304920094.jpg,https://www.metro.ca/en/online-grocery/search-page-84
SELECTION,Monterey Jack Cheese,400 g,"$3.97
 ea.",,$0.99 /100g,"Regular price
$6.49  ea.","Valid until Jan 10, 2024",https://product-images.metro.ca/images/h41/h91/9519522414622.jpg,https://www.metro.ca/en/online-grocery/search-page-84
NATUR-A,Vanilla Flavoured Organic Fortified Soy Beverage,946 mL,"$3.49
 ea.",,$0.37 /100ml,,,https://product-images.metro.ca/images/ha5/h18/10433046872094.jpg,https://www.metro.ca/en/online-grocery/search-page-84
SELECTION,Original Homestyle Waffles,280 g,"$2.49
 ea.",,$0.89 /100g,,,https://product-images.metro.ca/images/h96/ha4/10778627506206.jpg,https://www.metro.ca/en/online-grocery/search-page-84
IRRESISTIBLES,"Olives And Fine Herbs Ciabatta Rolls, Artisan",4x100 g,"$3.49
 ea.",,$0.87 /100g,"Regular price
$3.99  ea.","Valid until Jan 10, 2024",,https://www.metro.ca/en/online-grocery/search-page-84
KNORR,"Chicken Concentrated Liquid Stock, Bovril",250 mL,"$5.49
 ea.",,$2.20 /100ml,,,,https://www.metro.ca/en/online-grocery/search-page-85
LA FOURNÉE DORÉE,Sliced Brioche Bread,500 g,"$6.59
 ea.",,$1.32 /100g,,,https://product-images.metro.ca/images/hae/h1c/11754125623326.jpg,https://www.metro.ca/en/online-grocery/search-page-85
CATELLI,"Vermicelli, Classic",500 g,"$2.99
 ea.",,$0.60 /100g,,,,https://www.metro.ca/en/online-grocery/search-page-85
LIBERTÉ,0% Lactose Free Vanilla Greek Yogurt,750 g,"$5.97
 ea.",,$0.80 /100g,"Regular price
$8.29  ea.","Valid until Jan 10, 2024",https://product-images.metro.ca/images/h9c/hb7/9903933325342.jpg,https://www.metro.ca/en/online-grocery/search-page-85
MOLSON,"Lager Beer, Dry",24x341 mL - bottles,"$36.99
 ea.",,$0.45 /100ml,,,,https://www.metro.ca/en/online-grocery/search-page-85
BULL'S EYE,"Original Barbecue Sauce, Bold Original",425 mL,"$4.99
 ea.",,$1.17 /100ml,,,,https://www.metro.ca/en/online-grocery/search-page-85
VH,Teriyaki Stir-Fry Sauce,355 mL,"2 / 
$8.00",,$1.13 /100ml,"Regular price
$4.69  ea.","Valid until Jan 24, 2024",https://product-images.metro.ca/images/h17/hd7/9300893925406.jpg,https://www.metro.ca/en/online-grocery/search-page-85
SNACK PACK,No Sugar Added Chocolate Pudding Cups,4x99 g,"$2.99
 ea.",,$0.75 /un.,,,https://product-images.metro.ca/images/h9e/heb/9518932328478.jpg,https://www.metro.ca/en/online-grocery/search-page-85
CLUB HOUSE,Artificial Vanilla Extract,125 mL,"$4.99
 ea.",,$3.99 /100ml,,,https://product-images.metro.ca/images/hc4/h40/10918217613342.jpg,https://www.metro.ca/en/online-grocery/search-page-85
SELECTION,Canola Oil,473 mL,"$3.49
 ea.",,$0.74 /100ml,"Regular price
$4.99  ea.","Valid until Feb 7, 2024",https://product-images.metro.ca/images/hd4/h5a/10344186019870.jpg,https://www.metro.ca/en/online-grocery/search-page-85
GATORADE,Orange Flavoured Sport Drink Beverage,6x591 mL,"$5.99
 ea.",,$0.17 /100ml,"Regular price
$7.99  ea.","Valid until Jan 10, 2024",https://product-images.metro.ca/images/hc4/h89/10784646823966.jpg,https://www.metro.ca/en/online-grocery/search-page-85
MIKES,Spicy Pizza Sauce,240 mL,"$3.49
 ea.",,$1.45 /100ml,"Regular price
$4.29  ea.","Valid until Jan 24, 2024",https://product-images.metro.ca/images/he7/h01/11257114820638.jpg,https://www.metro.ca/en/online-grocery/search-page-85
BUDWEISER,Blonde Lager Beer,24x355 mL - cans,"$36.99
 ea.",,$0.43 /100ml,,,https://product-images.metro.ca/images/h15/h54/10123520901150.jpg,https://www.metro.ca/en/online-grocery/search-page-85
LA BELLE BRETAGNE,Glazed Pepper Liver Pâté,150 g,"$4.69
 ea.",,$3.13 /100g,,,https://product-images.metro.ca/images/h80/h82/11292703948830.jpg,https://www.metro.ca/en/online-grocery/search-page-85
LOACKER,Hazelnut Cream Filled Crispy Wafers,175 g,"$3.99
 ea.",,$2.28 /100g,,,https://product-images.metro.ca/images/hfb/h8e/10287052881950.jpg,https://www.metro.ca/en/online-grocery/search-page-85
IÖGO,"0% Plain Yogurt, Greek",750 g,"$7.69
 ea.",,$1.03 /100g,,,,https://www.metro.ca/en/online-grocery/search-page-85
IRRESISTIBLES,Prune Nectar,1.89 L,"$8.79
 ea.",,$0.47 /100ml,,,https://product-images.metro.ca/images/h87/h4f/11022095581214.jpg,https://www.metro.ca/en/online-grocery/search-page-85
IÖGO,"0% Vanilla Flavoured Yogurt, Greek",750 g,"$7.69
 ea.",,$1.03 /100g,,,,https://www.metro.ca/en/online-grocery/search-page-85
CATELLI,"Penne Rigate, Smart",375 g,"$3.99
 ea.",,$1.06 /100g,,,,https://www.metro.ca/en/online-grocery/search-page-85
CANADA DRY,Ginger Ale,2 L,"$3.69
 ea.",,$0.18 /100ml,,,https://product-images.metro.ca/images/h24/he2/11541004386334.jpg,https://www.metro.ca/en/online-grocery/search-page-85
SMUCKER'S,"Raspberry Jam, Pure",250 mL,"$5.99
 ea.",,$2.40 /100ml,,,,https://www.metro.ca/en/online-grocery/search-page-85
JELL-O,Strawberry Jelly Powder Without Added Sugar,10.1 g,"$1.59
 ea.",,$15.90 /100g,,,https://product-images.metro.ca/images/hab/he0/9986853666846.jpg,https://www.metro.ca/en/online-grocery/search-page-85
DUNN'S,Montreal Smoked Meat Brisket,2x125 g,"$11.99
 ea.",,$4.80 /100g,,,https://product-images.metro.ca/images/hd0/h62/8821510733854.jpg,https://www.metro.ca/en/online-grocery/search-page-85
KASHI,Chocolate Chip & Chia Seven Grain With Quinoa Crunch...,"10 bars, 200 g","$5.29
 ea.",,$2.65 /100g,,,,https://www.metro.ca/en/online-grocery/search-page-85
POM,Large Whole Wheat Tortillas,10 un,"$5.79
 ea.",,$0.95 /100g,,,https://product-images.metro.ca/images/h58/h16/11412533870622.jpg,https://www.metro.ca/en/online-grocery/search-page-85
SELECTION,Ground Cumin,81 g,"$2.99
 ea.",,$3.69 /100g,,,https://product-images.metro.ca/images/he1/h81/9096948121630.jpg,https://www.metro.ca/en/online-grocery/search-page-85
LECLERC,"Choco-Banana Muffin Bars, Muffin Max",223 g,"$1.77
 ea.",,$0.79 /100g,"Regular price
$3.79  ea.","Valid until Jan 10, 2024",,https://www.metro.ca/en/online-grocery/search-page-85
BRISK,Lemon Flavoured Iced Tea,12x355 mL,"$6.98
 ea.",,$0.16 /100ml,"Regular price
$7.99  ea.","Valid until Jan 10, 2024",https://product-images.metro.ca/images/hef/h4e/11204993744926.jpg,https://www.metro.ca/en/online-grocery/search-page-85
HARVEST SNAPS,Caesar Flavoured Green Pea Crisps,93 g,"$3.79
 ea.",,$4.08 /100g,,,https://product-images.metro.ca/images/hbf/hce/11614458019870.jpg,https://www.metro.ca/en/online-grocery/search-page-85
JACK LINK'S,Original Beef Jerky,80 g,"$7.99
 ea.",,$9.99 /100g,,,https://product-images.metro.ca/images/hd9/hd5/9836195414046.jpg,https://www.metro.ca/en/online-grocery/search-page-85
OLD EL PASO,"Large Whole Grain Tortillas, Smart Fiesta",8 un,"$3.49
 ea.",,$1.12 /100g,"Regular price
$3.99  ea.","Valid until Jan 24, 2024",,https://www.metro.ca/en/online-grocery/search-page-86
METROGO!,Greek Salad,Large,"$13.99
 ea.",,$1.65 /100g,,,https://product-images.metro.ca/images/hfa/h90/8837036277790.jpg,https://www.metro.ca/en/online-grocery/search-page-86
,Coconut,1 un,"$2.99
 ea.",,$2.99 /un.,,,https://product-images.metro.ca/images/hfc/he8/8837348687902.jpg,https://www.metro.ca/en/online-grocery/search-page-86
LIBERTÉ,"2% Coconut Crunch Greek Yogurt, Greek",2x130 g,"$4.99
 ea.",,$1.92 /100g,,,,https://www.metro.ca/en/online-grocery/search-page-86
HIGH LINER,Frozen Roasted Garlic And Herbs Lightly Breaded Hadd...,500 g,"$18.99
 ea.",,$3.80 /100g,,,,https://www.metro.ca/en/online-grocery/search-page-86
HERTEL,"Fresh Scent All Purpose Liquid Cleaner, Multi",800 ml,"$4.39
 ea.",,$0.55 /100ml,,,,https://www.metro.ca/en/online-grocery/search-page-86
PEPPERIDGE FARM,"Whole Grain Cheddar Flavoured Baked Crackers, Goldfish",180 g,"$3.49
 ea.",,"Buy 2, get the 3rd free $1.94 /100g","Regular price
$4.19  ea.","Valid until Jan 10, 2024",,https://www.metro.ca/en/online-grocery/search-page-86
NATURE VALLEY,"Peanut, Almond And Dark Chocolate Chewy Granola Bars...",4 bars,"2 / 
$7.00",,$2.36 /100g,"Regular price
$4.99  ea.","Valid until Feb 7, 2024",,https://www.metro.ca/en/online-grocery/search-page-86
FIBRE 1,Chocolate Fudge Brownies,5 un,"2 / 
$7.00",,$2.80 /100g,"Regular price
$4.99  ea.","Valid until Feb 7, 2024",https://product-images.metro.ca/images/hca/h97/11386206519326.jpg,https://www.metro.ca/en/online-grocery/search-page-86
REALEMON,Lemon Juice,440 mL,"$2.99
 ea.",,$0.68 /100ml,,,https://product-images.metro.ca/images/h10/h58/9450236477470.jpg,https://www.metro.ca/en/online-grocery/search-page-86
GRISSOL,Original Melba Toast,200 g,"$1.99
 ea.",,$1.00 /100g,"Regular price
$4.29  ea.","Valid until Jan 10, 2024",https://product-images.metro.ca/images/hea/h7c/9702944604190.jpg,https://www.metro.ca/en/online-grocery/search-page-86
OLD EL PASO,Refried Beans,398 mL,"$3.49
 ea.",,$0.88 /100ml,"Regular price
$4.69  ea.","Valid until Jan 24, 2024",https://product-images.metro.ca/images/hf4/h6a/12354359361566.jpg,https://www.metro.ca/en/online-grocery/search-page-86
DARE,"Molasses Soft Cookies, Bear Paws",480 g,"$4.49
 ea.",,$0.94 /100g,"Regular price
$7.29  ea.","Valid until Jan 10, 2024",,https://www.metro.ca/en/online-grocery/search-page-86
HEINEKEN,Dutch Lager Beer,12x330 mL - bottles,"$23.99
 ea.",,$0.61 /100ml,"Regular price
$25.99  ea.","Valid until Jan 10, 2024",https://product-images.metro.ca/images/h69/h6a/11513912360990.jpg,https://www.metro.ca/en/online-grocery/search-page-86
GASPÉSIEN,Brine Pork Roll,,"$9.91
 avg. ea.",(500 g avg.),$19.82 /kg$8.99 /lb.,"Regular price
$20.92  avg. kg","Valid until Jan 10, 2024",https://product-images.metro.ca/images/h0b/h2c/9647479226398.jpg,https://www.metro.ca/en/online-grocery/search-page-86
LIPTON,"Chicken Noodle Supreme Instant Soup Mix, Cup-A-Soup",4 un,"$2.29
 ea.",,$0.57 /un.,,,,https://www.metro.ca/en/online-grocery/search-page-86
COATICOOK,Chocolate Flakes Old-Fashioned Ice Cream,2 L,"$5.99
 ea.",,$0.30 /100ml,,,https://product-images.metro.ca/images/hab/hc0/11477860286494.jpg,https://www.metro.ca/en/online-grocery/search-page-86
ROYAL NUTS,Deluxe Cranberry Mix With Nuts,350 g,"$9.99
 ea.",,$2.85 /100g,,,https://product-images.metro.ca/images/h34/h96/11849334882334.jpg,https://www.metro.ca/en/online-grocery/search-page-86
LAFLEUR,50% Less Salt Fully Cooked Bacon,90 g,"$8.99
 ea.",,$9.99 /100g,"Regular price
$9.49  ea.","Valid until Jan 17, 2024",https://product-images.metro.ca/images/h09/hda/9751031283742.jpg,https://www.metro.ca/en/online-grocery/search-page-86
ATTITUDE,Southwest Salad Kit,175 g,"$6.99
 ea.",,$3.99 /100g,,,https://product-images.metro.ca/images/he8/h2c/10938853031966.jpg,https://www.metro.ca/en/online-grocery/search-page-86
KELLOGG'S,"Blueberry Cereal Bars, Nutri-Grain",8x295 g,"$2.99
 ea.",,$1.01 /100g,"Regular price
$4.49  ea.","Valid until Jan 10, 2024",,https://www.metro.ca/en/online-grocery/search-page-86
LA PARISIENNE,Sunshine Liquid Laundry Detergent,38 loads-1.52 L,"$6.79
 ea.",,$0.18 /load,,,https://product-images.metro.ca/images/h2d/h81/8809540354078.jpg,https://www.metro.ca/en/online-grocery/search-page-86
COCA-COLA,"Soft Drink, Zero Sugar",6x222 mL,"2 / 
$8.00",,$0.30 /100ml,"Regular price
$5.79  ea.","Valid until Jan 24, 2024",,https://www.metro.ca/en/online-grocery/search-page-86
FIVE ALIVE,Citrus Beverage,1.75 L,"$4.99
 ea.",,$0.29 /100ml,,,https://product-images.metro.ca/images/h82/h62/10495662587934.jpg,https://www.metro.ca/en/online-grocery/search-page-86
IRRESISTIBLES,Frozen Atlantic Smoked Salmon Slices,130 g,"$12.99
 ea.",,$9.99 /100g,,,https://product-images.metro.ca/images/h5b/hfc/11157672624158.jpg,https://www.metro.ca/en/online-grocery/search-page-86
EARTH'S OWN,"Chocolate Flavoured Fortified Almond Beverage, So Fresh",1.89 L,"$4.79
 ea.",,$0.25 /100ml,,,,https://www.metro.ca/en/online-grocery/search-page-86
LA FERNANDIÈRE,Bacon And Maple Cocktail Sausages,375 g,"$6.29
 ea.",,$1.68 /100g,,,https://product-images.metro.ca/images/hd2/h56/11432668823582.jpg,https://www.metro.ca/en/online-grocery/search-page-86
KRAFT,Three Cheese Ranch Dressing,475 mL,"$4.49
 ea.",,$0.95 /100ml,,,https://product-images.metro.ca/images/h34/h17/9986854715422.jpg,https://www.metro.ca/en/online-grocery/search-page-86
SELECTION,10" Pesto And Garlic Flour Tortillas,6 un,"$5.29
 ea.",,$1.18 /100g,,,,https://www.metro.ca/en/online-grocery/search-page-86
PRÉSIDENT,Emmental Swiss Cheese,1 piece,"$10.55
 avg. ea.",(225 g avg.),$46.90 /kg$21.27 /lb.,,,https://product-images.metro.ca/images/h0a/h0d/9014449864734.jpg,https://www.metro.ca/en/online-grocery/search-page-86
PEPPERIDGE FARM,"Xplosive Pizza Flavour Blasted® Baked Crackers, Gold...",180 g,"$3.49
 ea.",,$1.94 /100g,"Regular price
$4.19  ea.","Valid until Jan 10, 2024",,https://www.metro.ca/en/online-grocery/search-page-87
LINDT,"Hazelnut Milk Chocolate Bar, Swiss Classic",100 g,"$3.49
 ea.",,$3.49 /100g,"Regular price
$3.99  ea.","Valid until Jan 24, 2024",,https://www.metro.ca/en/online-grocery/search-page-87
METROGO!,"Vegetables, Cheese And Ham Stuffed Beef Pinwheels, V...",4 pinwheels per tray,"$15.86
 avg. ea.",(800 g avg.),$19.82 /kg$8.99 /lb.,"Regular price
$22.02  avg. kg","Valid until Jan 10, 2024",,https://www.metro.ca/en/online-grocery/search-page-87
NAKED,Green Machine® Fruit And Vegetable Smoothie,450 mL,"$4.99
 ea.",,$1.11 /100ml,,,https://product-images.metro.ca/images/hca/h6f/10062225014814.jpg,https://www.metro.ca/en/online-grocery/search-page-87
HANDI-FOIL,"Large And Rectangular Rack Roaster, Eco-Foil",1 un,"$5.99
 ea.",,$5.99 /un.,,,,https://www.metro.ca/en/online-grocery/search-page-87
,Garlic And Herbs Kaiser Rolls,6x65 g,"$4.99
 ea.",,$1.28 /100g,,,https://product-images.metro.ca/images/h02/h34/9014396846110.jpg,https://www.metro.ca/en/online-grocery/search-page-87
CLASSICO,"Tomato Alfredo Pasta Sauce, Di Liguria",650 mL,"$5.49
 ea.",,$0.84 /100ml,,,,https://www.metro.ca/en/online-grocery/search-page-87
KNORR,"Creamy Parmesan Pasta, Sidekicks",124 g,"3 / 
$7.00",,$1.88 /100g,"Regular price
$2.79  ea.","Valid until Jan 24, 2024",,https://www.metro.ca/en/online-grocery/search-page-87
TWIZZLERS,Cherry Pull 'N' Peel Candy,396 g,"$4.99
 ea.",,$1.60 /100g,,,https://product-images.metro.ca/images/hcd/h26/9542751846430.jpg,https://www.metro.ca/en/online-grocery/search-page-87
SELECTION,Quick Oats,1 kg,"$2.99
 ea.",,$0.30 /100g,"Regular price
$4.49  ea.","Valid until Feb 7, 2024",https://product-images.metro.ca/images/h17/hae/10101081800734.jpg,https://www.metro.ca/en/online-grocery/search-page-87
COORS LIGHT,Light Lager Beer,6x355 mL - cans,"$12.99
 ea.",,$0.61 /100ml,,,https://product-images.metro.ca/images/h12/h0d/10813100326942.jpg,https://www.metro.ca/en/online-grocery/search-page-87
CLUB HOUSE,Artificial Vanilla Extract,250 mL,"$5.99
 ea.",,$2.40 /100ml,,,https://product-images.metro.ca/images/hbf/hb2/10529528021022.jpg,https://www.metro.ca/en/online-grocery/search-page-87
HEINEKEN,Dutch Lager Beer,12x330 mL - cans,"$23.99
 ea.",,$0.61 /100ml,"Regular price
$25.99  ea.","Valid until Jan 10, 2024",https://product-images.metro.ca/images/he3/h65/11513914359838.jpg,https://www.metro.ca/en/online-grocery/search-page-87
ROYAL NUTS,Goji Berry Mixed Nuts,350 g,"$10.99
 ea.",,$3.14 /100g,,,https://product-images.metro.ca/images/h27/hd9/11849325674526.jpg,https://www.metro.ca/en/online-grocery/search-page-87
METROGO!,"Meat Lasagna, Value Pack",,"$24.10
 avg. ea.","(1,275 g avg.)",$18.90 /kg$8.57 /lb.,,,,https://www.metro.ca/en/online-grocery/search-page-87
ZIPLOC,Snack Bags,90 un,"$5.99
 ea.",,$0.07 /un.,,,https://product-images.metro.ca/images/h76/h4d/9526226681886.jpg,https://www.metro.ca/en/online-grocery/search-page-87
THE LITTLE POTATO COMPANY,Creamer Potatoes With Garlic And Herb Seasoning,454 g,"$4.99
 ea.",,$1.10 /100g,,,,https://www.metro.ca/en/online-grocery/search-page-87
LECLERC,"Graham Cookies With A Milk Chocolate Coating, Célébr...",240 g,"$4.49
 ea.",,$1.87 /100g,,,,https://www.metro.ca/en/online-grocery/search-page-87
QUAKER,"Sea Salt And Lime Flavoured Brown Rice Chips, Crispy...",100 g,"$3.99
 ea.",,$3.99 /100g,,,,https://www.metro.ca/en/online-grocery/search-page-87
EVIAN,Natural Spring Water,1.5 L,"$3.79
 ea.",,$0.25 /100ml,,,https://product-images.metro.ca/images/h06/hd1/9811243630622.jpg,https://www.metro.ca/en/online-grocery/search-page-87
SELECTION,Vegetable Oil,473 mL,"$3.49
 ea.",,$0.74 /100ml,"Regular price
$4.99  ea.","Valid until Feb 7, 2024",https://product-images.metro.ca/images/h7c/hc6/10344186642462.jpg,https://www.metro.ca/en/online-grocery/search-page-87
CREAMSICLE,"Orange, Raspberry And Blueberry Flavoured Frozen Dai...",12x60 mL,"$6.79
 ea.",,$0.57 /un.,,,,https://www.metro.ca/en/online-grocery/search-page-87
DARE,"Banana Bread Soft Cookies, Bear Paws",240 g,"$4.69
 ea.",,$1.95 /100g,,,,https://www.metro.ca/en/online-grocery/search-page-87
BRUNSWICK,Canadian Sardines In Spring Water,106 g,"$2.79
 ea.",,$2.63 /100g,,,https://product-images.metro.ca/images/h20/h9a/9526802022430.jpg,https://www.metro.ca/en/online-grocery/search-page-87
ST-HUBERT,Roast Beef Gravy Mix,34 g,"3 / 
$5.00",,$4.90 /100g,"Regular price
$2.39  ea.","Valid until Jan 10, 2024",https://product-images.metro.ca/images/hdf/h33/10170584334366.jpg,https://www.metro.ca/en/online-grocery/search-page-87
IRRESISTIBLES,Fresh Linguine,350 g,"$3.99
 ea.",,$1.14 /100g,,,https://product-images.metro.ca/images/h29/h14/11243905974302.jpg,https://www.metro.ca/en/online-grocery/search-page-87
SUMMER FRESH,Hummus Dip,454 g,"$8.29
 ea.",,$1.83 /100g,,,https://product-images.metro.ca/images/h4f/h71/9213113401374.jpg,https://www.metro.ca/en/online-grocery/search-page-87
TROPICANA,Homestyle Orange Juice With Some Pulp,355 mL,"$2.29
 ea.",,$0.65 /100ml,,,https://product-images.metro.ca/images/hd2/h7c/9514516447262.jpg,https://www.metro.ca/en/online-grocery/search-page-87
FONTAINE SANTÉ,Three-Bean Salad,350 g,"$6.49
 ea.",,$1.85 /100g,"Regular price
$6.99  ea.","Valid until Jan 17, 2024",https://product-images.metro.ca/images/h36/hfa/11133617242142.jpg,https://www.metro.ca/en/online-grocery/search-page-87
TIC TAC,Fruit Adventure Flavoured Mints,29 g,"$1.99
 ea.",,$6.86 /100g,,,https://product-images.metro.ca/images/h66/he6/9652892205086.jpg,https://www.metro.ca/en/online-grocery/search-page-87
PEPSI,Soft Drink,1 L,"$2.19
 ea.",,$0.22 /100ml,,,https://product-images.metro.ca/images/hcf/h29/12354336849950.jpg,https://www.metro.ca/en/online-grocery/search-page-88
OASIS,Exotic Mango Fruit Juice Boxes,8x200 mL,"$5.79
 ea.",,$0.36 /100ml,,,https://product-images.metro.ca/images/hce/had/11513915965470.jpg,https://www.metro.ca/en/online-grocery/search-page-88
SAPUTO,"Light Shredded Pizza Mozzarella Cheese, Mozzarellissima",1 kg,"$19.99
 ea.",,$2.00 /100g,,,,https://www.metro.ca/en/online-grocery/search-page-88
PILLSBURY,Chocolate Chip Cookies Dough,454 g,"$4.29
 ea.",,$0.94 /100g,"Regular price
$5.29  ea.","Valid until Feb 14, 2024",https://product-images.metro.ca/images/h7b/h56/12174877065246.jpg,https://www.metro.ca/en/online-grocery/search-page-88
SAINT-ARNAUD,Whole Yellow Peas,900 g,"$2.39
 ea.",,$0.27 /100g,,,https://product-images.metro.ca/images/h27/h9b/8897141997598.jpg,https://www.metro.ca/en/online-grocery/search-page-88
POPSICLE,Orange Cherry And Grape Flavoured Ice Pops,12x48 mL,"$6.79
 ea.",,$1.18 /100ml,,,https://product-images.metro.ca/images/h8a/h9b/12279437525022.jpg,https://www.metro.ca/en/online-grocery/search-page-88
ALCAN,Aluminum Foil,30.5m,"$8.29
 ea.",,$8.29 /un.,,,https://product-images.metro.ca/images/haf/h9e/12210120163358.jpg,https://www.metro.ca/en/online-grocery/search-page-88
SELECTION,Unsalted Tops Soda Crackers,4x113.5 g,"$3.29
 ea.",,$0.72 /100g,"Regular price
$3.99  ea.","Valid until Jan 24, 2024",https://product-images.metro.ca/images/h70/hb4/9465120391198.jpg,https://www.metro.ca/en/online-grocery/search-page-88
MAYNARDS,"Gummy Berries, Swedish Berries",355 g,"$5.49
 ea.",,$1.55 /100g,,,,https://www.metro.ca/en/online-grocery/search-page-88
DIMPFLMEIER,Rye Bread With Flaxseeds,454 g,"$4.19
 ea.",,$0.92 /100g,,,https://product-images.metro.ca/images/h2b/hcd/9522657755166.jpg,https://www.metro.ca/en/online-grocery/search-page-88
NATUR-A,Organic Unsweetened Soy Beverage,1.89 L,"$4.99
 ea.",,$0.26 /100ml,,,https://product-images.metro.ca/images/h49/he9/11574066577438.jpg,https://www.metro.ca/en/online-grocery/search-page-88
SELECTION,Gouda Cheese,400 g,"$3.97
 ea.",,$0.99 /100g,"Regular price
$6.49  ea.","Valid until Jan 10, 2024",https://product-images.metro.ca/images/hb9/h72/9519477129246.jpg,https://www.metro.ca/en/online-grocery/search-page-88
KRAFT,Creamy Poppyseed Dressing,475 mL,"$4.49
 ea.",,$0.95 /100ml,,,https://product-images.metro.ca/images/h7d/h2e/9987114369054.jpg,https://www.metro.ca/en/online-grocery/search-page-88
NICOLAS LALOUX,"Canadian Red Wine, Les Chais 770",1 L,"$11.29
 ea.",,$1.13 /100ml,"Regular price
$12.59  ea.","Valid until Feb 7, 2024",,https://www.metro.ca/en/online-grocery/search-page-88
CATELLI,Whole Wheat Spaghettini,375 g,"$3.99
 ea.",,$1.06 /100g,,,https://product-images.metro.ca/images/h53/h12/12174901608478.jpg,https://www.metro.ca/en/online-grocery/search-page-88
PRINGLES,Ketchup Flavoured Chips,156 g,"$3.99
 ea.",,$2.56 /100g,,,https://product-images.metro.ca/images/h7c/h96/10822802800670.jpg,https://www.metro.ca/en/online-grocery/search-page-88
QUAKER,"Salt And Vinegar Flavoured Brown Rice Chips, Crispy ...",100 g,"$3.99
 ea.",,$3.99 /100g,,,,https://www.metro.ca/en/online-grocery/search-page-88
TIPIAK,Couscous,500 g,"$4.99
 ea.",,$1.00 /100g,"Regular price
$5.99  ea.","Valid until Jan 24, 2024",https://product-images.metro.ca/images/haf/h0c/9530062307358.jpg,https://www.metro.ca/en/online-grocery/search-page-88
PRIMO,Small Shell Pasta,900 g,"$2.99
 ea.",,$0.33 /100g,"Regular price
$3.79  ea.","Valid until Jan 24, 2024",https://product-images.metro.ca/images/hfe/h07/11679593988126.jpg,https://www.metro.ca/en/online-grocery/search-page-88
ALIMENTS 2000,All Purpose Regular Pie Dough,1 kg,"$6.99
 ea.",,$0.70 /100g,,,https://product-images.metro.ca/images/hde/h27/9751060938782.jpg,https://www.metro.ca/en/online-grocery/search-page-88
NATUR-A,Unsweetened Organic Fortified Soy Beverage,946 mL,"$3.49
 ea.",,$0.37 /100ml,,,https://product-images.metro.ca/images/h1b/h68/10433033175070.jpg,https://www.metro.ca/en/online-grocery/search-page-88
SELECTION,Parsley Flakes,12 g,"$2.19
 ea.",,$18.25 /100g,,,https://product-images.metro.ca/images/h8d/hd5/9020161884190.jpg,https://www.metro.ca/en/online-grocery/search-page-88
DRUMSTICK,Strawberry Cheesecake Flavoured Dessert Cones,4x130 mL,"$5.99
 ea.",,$1.15 /100ml,"Regular price
$8.79  ea.","Valid until Jan 24, 2024",https://product-images.metro.ca/images/hc4/h11/10143801606174.jpg,https://www.metro.ca/en/online-grocery/search-page-88
OLD EL PASO,Burrito Dinner Kit,510 g,"$6.99
 ea.",,$1.37 /100g,,,https://product-images.metro.ca/images/h3e/h93/12354355527710.jpg,https://www.metro.ca/en/online-grocery/search-page-88
KNORR,Cream Of Vegetable Soup Mix,1 un,"$2.49
 ea.",,$2.49 /un.,,,https://product-images.metro.ca/images/h17/h83/11728532963358.jpg,https://www.metro.ca/en/online-grocery/search-page-88
METROGO!,Beef Bourguignon Spaghetti,,"$7.77
 avg. ea.",(300 g avg.),$25.90 /kg$11.75 /lb.,,,https://product-images.metro.ca/images/h48/he0/11992966266910.jpg,https://www.metro.ca/en/online-grocery/search-page-88
BICK'S,"Sliced Extra Garlic Pickles, Sandwich Savers",500 mL,"$5.99
 ea.",,$1.20 /100ml,,,,https://www.metro.ca/en/online-grocery/search-page-88
QUAKER,"Balsamic And Bruschetta Flavoured Brown Rice Chips, ...",90 g,"$3.99
 ea.",,$4.43 /100g,,,,https://www.metro.ca/en/online-grocery/search-page-88
RENÉE'S GOURMET,Caesar Dressing,750 mL,"$9.99
 ea.",,$1.33 /100ml,,,https://product-images.metro.ca/images/h4e/h6b/11761467424798.jpg,https://www.metro.ca/en/online-grocery/search-page-88
KRAFT,"Creamy Cucumber Dressing, Pure",475 mL,"$4.49
 ea.",,$0.95 /100ml,,,,https://www.metro.ca/en/online-grocery/search-page-88
KRAFT,"French Dressing, Pure",475 mL,"$4.49
 ea.",,$0.95 /100ml,,,,https://www.metro.ca/en/online-grocery/search-page-89
PRIMO,Linguine,900 g,"$2.99
 ea.",,$0.33 /100g,"Regular price
$3.79  ea.","Valid until Jan 24, 2024",https://product-images.metro.ca/images/hfd/he7/11461759664158.jpg,https://www.metro.ca/en/online-grocery/search-page-89
DARE,"Dark Chocolate Covered Marshmallow Cookies, Whippet",250 g,"$4.49
 ea.",,$1.80 /100g,,,,https://www.metro.ca/en/online-grocery/search-page-89
PREMIÈRE MOISSON,Shaved Ham Cooked In Bouillon,175 g,"$7.99
 ea.",,$4.57 /100g,"Regular price
$8.49  ea.","Valid until Jan 17, 2024",https://product-images.metro.ca/images/hcf/hb2/11025128620062.jpg,https://www.metro.ca/en/online-grocery/search-page-89
SELECTION,Honey,375 g,"$5.99
 ea.",,$1.60 /100g,"Regular price
$6.99  ea.","Valid until Feb 7, 2024",https://product-images.metro.ca/images/h91/h5b/10715219722270.jpg,https://www.metro.ca/en/online-grocery/search-page-89
PRIMO,Traditional Pizza Sauce,375 mL,"$2.69
 ea.",,$0.72 /100ml,"Regular price
$3.19  ea.","Valid until Jan 24, 2024",https://product-images.metro.ca/images/hcc/h2a/9149936107550.jpg,https://www.metro.ca/en/online-grocery/search-page-89
CLOVER LEAF,Canned Cocktail Shrimp,106 g,"$6.29
 ea.",,$5.93 /100g,,,https://product-images.metro.ca/images/h5a/ha8/11374796767262.jpg,https://www.metro.ca/en/online-grocery/search-page-89
IRRESISTIBLES,Pure Vanilla Extract,125 mL,"$18.99
 ea.",,$15.19 /100ml,,,https://product-images.metro.ca/images/h5d/h0e/10053727682590.jpg,https://www.metro.ca/en/online-grocery/search-page-89
CHEF LELARGE,"Demi-Glace Gravy Mix, Fine Cuisine",28 g,"3 / 
$5.00",,$5.95 /100g,"Regular price
$2.69  ea.","Valid until Jan 10, 2024",,https://www.metro.ca/en/online-grocery/search-page-89
BOUNCE,"Fresh Linen Scented Fabric Softener Sheets, 4-In-1",120 sheets,"$7.99
 ea.",,$0.07 /un.,"Regular price
$9.49  ea.","Valid until Feb 7, 2024",,https://www.metro.ca/en/online-grocery/search-page-89
À TABLE!,Maple Syrup Beans,450 mL,"$4.79
 ea.",,$1.06 /100ml,"Regular price
$4.99  ea.","Valid until Jan 17, 2024",https://product-images.metro.ca/images/h9e/hcc/11521042579486.jpg,https://www.metro.ca/en/online-grocery/search-page-89
METROGO!,Chicken Pad Sew,,"$8.37
 avg. ea.",(300 g avg.),$27.90 /kg$12.66 /lb.,,,https://product-images.metro.ca/images/h90/h64/11926676111390.jpg,https://www.metro.ca/en/online-grocery/search-page-89
BOLTHOUSE FARMS,"Carrot Juice, Value Pack",1.54 L,"$9.99
 ea.",,$0.65 /100ml,,,https://product-images.metro.ca/images/h9d/hff/9157767528478.jpg,https://www.metro.ca/en/online-grocery/search-page-89
METROGO!,Greek-Style Pasta Salad,,"$4.23
 avg. ea.",(170 g avg.),$24.90 /kg$11.29 /lb.,"Regular price
$4.40  avg. ea.","Valid until Jan 10, 2024",https://product-images.metro.ca/images/h3a/h80/11926697377822.jpg,https://www.metro.ca/en/online-grocery/search-page-89
MOTT'S,"Low Sodium Vegetable Juice, Garden Cocktail",1.89 L,"$4.99
 ea.",,$0.26 /100ml,,,,https://www.metro.ca/en/online-grocery/search-page-89
KRAFT,Coleslaw Dressing,475 mL,"$4.49
 ea.",,$0.95 /100ml,,,https://product-images.metro.ca/images/hc6/hd0/9986877063198.jpg,https://www.metro.ca/en/online-grocery/search-page-89
,BBQ Pork Sirloin Chops,4 chops per tray,"$15.85
 avg. ea.","(1,200 g avg.)",$13.21 /kg$5.99 /lb.,,,https://product-images.metro.ca/images/haa/haa/9233929109534.jpg,https://www.metro.ca/en/online-grocery/search-page-89
SELECTION,Mild Salsa,650 mL,"$4.99
 ea.",,$0.77 /100ml,,,https://product-images.metro.ca/images/h35/ha1/8856160043038.jpg,https://www.metro.ca/en/online-grocery/search-page-89
LAY'S,"Salt And Vinegar Crisps, Stax",155 g,"$2.99
 ea.",,$1.93 /100g,,,,https://www.metro.ca/en/online-grocery/search-page-89
IRRESISTIBLES,Frozen Party Pack Puff Pastries,432 g,"$12.99
 ea.",,$3.01 /100g,,,https://product-images.metro.ca/images/h5d/hfc/10269065216030.jpg,https://www.metro.ca/en/online-grocery/search-page-89
AURORA,Arborio Superfino Rice,750 g,"$4.79
 ea.",,$0.64 /100g,"Regular price
$5.49  ea.","Valid until Jan 24, 2024",https://product-images.metro.ca/images/hf5/h77/11693753827358.jpg,https://www.metro.ca/en/online-grocery/search-page-89
LIBERTÉ,"2% Vanilla Bean Crunch Greek Yogurt, Greek",2x130 g,"$4.99
 ea.",,$1.92 /100g,,,,https://www.metro.ca/en/online-grocery/search-page-89
BLACK DIAMOND,Marble Cheddar Cheese Sticks,252g,"$7.99
 ea.",,$3.17 /100g,"Regular price
$8.79  ea.","Valid until Feb 14, 2024",https://product-images.metro.ca/images/hb0/h71/12174916616222.jpg,https://www.metro.ca/en/online-grocery/search-page-89
SELECTION,Toasted Wheat Crackers,225 g,"$3.79
 ea.",,$1.68 /100g,,,https://product-images.metro.ca/images/h68/h62/10822665568286.jpg,https://www.metro.ca/en/online-grocery/search-page-89
AKI SUSHI,"Sesame Mayonnaise, Aki Sauce",30 mL,"$1.25
 ea.",,$4.17 /100ml,,,,https://www.metro.ca/en/online-grocery/search-page-89
DRUMSTICK,Vanilla With Chocolatey Swirls Mini Dessert Cones,6x66 mL,"$5.99
 ea.",,$1.51 /100ml,"Regular price
$8.79  ea.","Valid until Jan 24, 2024",https://product-images.metro.ca/images/h3d/h86/10143796068382.jpg,https://www.metro.ca/en/online-grocery/search-page-89
BLACK DIAMOND,"Cheddarific® Mozzarella Cheese Sticks, Cheesetrings",16 sticks,"$8.79
 ea.",,$2.62 /100g,,,,https://www.metro.ca/en/online-grocery/search-page-89
SENSODYNE,Whitening Plus Tartar Fighting Toothpaste For Sensit...,135 mL,"$7.29
 ea.",,$5.40 /100ml,,,,https://www.metro.ca/en/online-grocery/search-page-89
PLAISIRS GASTRONOMIQUES,Duck Liver With Pineau Des Charentes Mousse,125 g,"$6.29
 ea.",,$5.03 /100g,,,https://product-images.metro.ca/images/h04/hee/9529871040542.jpg,https://www.metro.ca/en/online-grocery/search-page-89
SNACK PACK,Strawberry And Orange Flavoured Low Sugar Gel Snack,4x99 g,"$2.99
 ea.",,$0.76 /100g,,,https://product-images.metro.ca/images/h3a/h5b/10020661198878.jpg,https://www.metro.ca/en/online-grocery/search-page-89
SELECTION,Honey,250 g,"$6.49
 ea.",,$2.60 /100g,,,https://product-images.metro.ca/images/h6d/h78/10715220246558.jpg,https://www.metro.ca/en/online-grocery/search-page-90
ROYAL NUTS,Unsalted Dry Roasted Shelled Pumpkin Seeds,250 g,"$6.99
 ea.",,$2.80 /100g,"Regular price
$7.99  ea.","Valid until Jan 10, 2024",https://product-images.metro.ca/images/h34/h89/11849321742366.jpg,https://www.metro.ca/en/online-grocery/search-page-90
FROMAGERIE BERGERON,Bergeron Classique Firm Lactose Free Cheese,200 g,"$7.99
 ea.",,$4.00 /100g,"Regular price
$8.99  ea.","Valid until Jan 10, 2024",https://product-images.metro.ca/images/h6a/hd6/11188424966174.jpg,https://www.metro.ca/en/online-grocery/search-page-90
GARDEIN,Frozen Plant-Based Seven Grain Chick’N Tenders,255 g,"$6.99
 ea.",,$2.74 /100g,"Regular price
$7.49  ea.","Valid until Feb 14, 2024",https://product-images.metro.ca/images/he4/h06/11432652111902.jpg,https://www.metro.ca/en/online-grocery/search-page-90
CASTELLO,Sliced Partly Skimmed Mozzarella Cheese,175 g,"$6.99
 ea.",,$3.99 /100g,"Regular price
$7.99  ea.","Valid until Jan 17, 2024",https://product-images.metro.ca/images/hbb/h03/10399712575518.jpg,https://www.metro.ca/en/online-grocery/search-page-90
DUNN'S,Montreal Smoked Meat Brisket,,"$5.99
 / 100 g",,$59.90 /kg$27.17 /lb.,,,https://product-images.metro.ca/images/h82/h0c/8894313955358.jpg,https://www.metro.ca/en/online-grocery/search-page-90
COLLATIO,Apple Trio,907 g,"$5.99
 ea.",,$0.66 /100g,,,https://product-images.metro.ca/images/h03/h39/11511582425118.jpg,https://www.metro.ca/en/online-grocery/search-page-90
ST-HUBERT,Red Potato Salad,454 g,"$4.99
 ea.",,$1.10 /100g,"Regular price
$5.99  ea.","Valid until Jan 17, 2024",https://product-images.metro.ca/images/h74/h7e/11332992663582.jpg,https://www.metro.ca/en/online-grocery/search-page-90
UNISOYA,Soft Tofu,454 g,"$3.99
 ea.",,$0.88 /100g,,,https://product-images.metro.ca/images/h68/h2f/10946112651294.jpg,https://www.metro.ca/en/online-grocery/search-page-90
ZIPLOC,Sandwich Bags,40 un,"$3.29
 ea.",,$0.08 /un.,,,https://product-images.metro.ca/images/h6e/h41/10784633815070.jpg,https://www.metro.ca/en/online-grocery/search-page-90
ST-HUBERT,Chicken Chowder Soup,540 mL,"$3.99
 ea.",,$0.74 /100ml,,,https://product-images.metro.ca/images/hb9/h1b/10498111930398.jpg,https://www.metro.ca/en/online-grocery/search-page-90
NATREL,"1% Lactose Free Chocolate Milk, Fine-Filtered",2 L,"$5.99
 ea.",,$0.30 /100ml,"Regular price
$6.99  ea.","Valid until Jan 10, 2024",,https://www.metro.ca/en/online-grocery/search-page-90
DOUBLE FRUIT,Raspberry Fruit Spread,500 mL,"$7.99
 ea.",,$1.60 /100ml,"Regular price
$8.49  ea.","Valid until Feb 7, 2024",https://product-images.metro.ca/images/h23/h7d/11401282256926.jpg,https://www.metro.ca/en/online-grocery/search-page-90
SUMMER FRESH,Dips And Hummus Variety Pack,500 g,"$8.79
 ea.",,$1.76 /100g,,,https://product-images.metro.ca/images/hd4/h17/9213094985758.jpg,https://www.metro.ca/en/online-grocery/search-page-90
GATTUSO,Lasagna Sauce With Meat,398 mL,"$2.99
 ea.",,$0.75 /100ml,"Regular price
$3.49  ea.","Valid until Jan 24, 2024",https://product-images.metro.ca/images/heb/h30/11714252210206.jpg,https://www.metro.ca/en/online-grocery/search-page-90
JELL-O,Lemon Jelly Powder,85 g,"$1.59
 ea.",,$1.87 /100g,,,https://product-images.metro.ca/images/hfd/h0a/9986864578590.jpg,https://www.metro.ca/en/online-grocery/search-page-90
SELECTION,Onion Powder,100 g,"$2.49
 ea.",,$2.49 /100g,,,https://product-images.metro.ca/images/h71/h5c/9020161982494.jpg,https://www.metro.ca/en/online-grocery/search-page-90
PEACE TEA,Raspberry Flavoured Iced Tea,695 mL,"$1.49
 ea.",,$0.21 /100ml,,,https://product-images.metro.ca/images/hcc/hf2/10495749685278.jpg,https://www.metro.ca/en/online-grocery/search-page-90
IRRESISTIBLES,Fresh Tarragon,21 g,"$2.99
 ea.",,$2.99 /un.,,,https://product-images.metro.ca/images/h7e/h87/8959512510494.jpg,https://www.metro.ca/en/online-grocery/search-page-90
BON AMI,Power Foam Glass Cleaner,560 g,"$5.99
 ea.",,$1.07 /100g,"Regular price
$7.29  ea.","Valid until Feb 7, 2024",https://product-images.metro.ca/images/h35/h4a/8809265299486.jpg,https://www.metro.ca/en/online-grocery/search-page-90
,"Trimmed Boneless Pork Chops, Center Cut",4 chops per tray,"$8.58
 avg. ea.",(475 g avg.),$18.06 /kg$8.19 /lb.,,,https://product-images.metro.ca/images/hf2/h7c/8912782491678.jpg,https://www.metro.ca/en/online-grocery/search-page-90
MADEGOOD,Mixed Berry Granola Bars,5x24 g,"$3.99
 ea.",,$3.32 /100g,"Regular price
$4.99  ea.","Valid until Feb 7, 2024",https://product-images.metro.ca/images/hf7/h07/11696054468638.jpg,https://www.metro.ca/en/online-grocery/search-page-90
ST-HUBERT,Beef Stew Sauce Mix,50 g,"3 / 
$5.00",,$3.33 /100g,"Regular price
$2.39  ea.","Valid until Jan 10, 2024",https://product-images.metro.ca/images/hdb/hc7/10170595475486.jpg,https://www.metro.ca/en/online-grocery/search-page-90
SELECTION,Frozen Rolled Puff Pastry Sheets,400 g,"$2.99
 ea.",,$0.75 /100g,"Regular price
$3.69  ea.","Valid until Jan 10, 2024",https://product-images.metro.ca/images/h4c/h42/9883027767326.jpg,https://www.metro.ca/en/online-grocery/search-page-90
METROGO!,Dill Pollock Salad,,"$9.47
 avg. ea.",,$22.02 /kg$9.99 /lb.,"Regular price
$24.23  avg. kg","Valid until Jan 10, 2024",https://product-images.metro.ca/images/h0b/h5b/12216209670174.jpg,https://www.metro.ca/en/online-grocery/search-page-90
SELECTION,Spicy Pizza Sauce,213 mL,"$0.99
 ea.",,$0.46 /100ml,"Regular price
$1.49  ea.","Valid until Jan 10, 2024",https://product-images.metro.ca/images/heb/hf3/10091119837214.jpg,https://www.metro.ca/en/online-grocery/search-page-90
LAFLEUR,Bar-B-Q Wieners,450 g,"$6.49
 ea.",,$1.44 /100g,,,https://product-images.metro.ca/images/hfd/hbd/9742342324254.jpg,https://www.metro.ca/en/online-grocery/search-page-90
ST-HUBERT,Turkey Gravy,398 mL,"$2.69
 ea.",,$0.68 /100ml,,,https://product-images.metro.ca/images/h90/h28/10239139971102.jpg,https://www.metro.ca/en/online-grocery/search-page-90
OLIVIERI,Ricotta And Spinach Cannelloni,"4 servings, 540 g","$11.49
 ea.",,$2.13 /100g,,,https://product-images.metro.ca/images/ha1/h38/10685927751710.jpg,https://www.metro.ca/en/online-grocery/search-page-90
KRAFT,"Crispy Pork Coating Mix, Shake'N Bake",160 g,"$4.29
 ea.",,$2.68 /100g,"Regular price
$4.99  ea.","Valid until Jan 24, 2024",,https://www.metro.ca/en/online-grocery/search-page-90
NATREL,"Lactose Free Skim Milk, Fine-Filtered",1 L,"$4.59
 ea.",,$0.46 /100ml,,,,https://www.metro.ca/en/online-grocery/search-page-91
LIPTON,Tomato Vegetable Soup Mix,2 un,"$2.69
 ea.",,$1.35 /un.,,,https://product-images.metro.ca/images/he8/hdf/11381601206302.jpg,https://www.metro.ca/en/online-grocery/search-page-91
GLACÉAU VITAMINWATER,Multi-V Lemonade Nutrient Enhanced Water Beverage,591 mL,"3 / 
$6.00",,$0.34 /100ml,"Regular price
$3.29  ea.","Valid until Feb 7, 2024",https://product-images.metro.ca/images/h7b/h77/10495644172318.jpg,https://www.metro.ca/en/online-grocery/search-page-91
CUISICHEF,Regular Thin Pizza Crusts,4x60 g,"$5.49
 ea.",,$2.29 /100g,"Regular price
$5.99  ea.","Valid until Jan 17, 2024",https://product-images.metro.ca/images/h3c/he6/12050639519774.jpg,https://www.metro.ca/en/online-grocery/search-page-91
DELVERDE,Spaghettini N°3,450 g,"2 / 
$5.00",,$0.56 /100g,"Regular price
$3.99  ea.","Valid until Jan 24, 2024",https://product-images.metro.ca/images/h7c/h73/9442905620510.jpg,https://www.metro.ca/en/online-grocery/search-page-91
REVOLUTION,American White Wine,1 L,"$12.29
 ea.",,$1.23 /100ml,"Regular price
$14.29  ea.","Valid until Feb 7, 2024",https://product-images.metro.ca/images/h8d/hc4/11351638016030.jpg,https://www.metro.ca/en/online-grocery/search-page-91
IRRESISTIBLES,Frozen Spanakopita,264 g,"$8.99
 ea.",,$3.41 /100g,,,https://product-images.metro.ca/images/haa/had/10269069148190.jpg,https://www.metro.ca/en/online-grocery/search-page-91
SELECTION,Creamy Coleslaw,800 g,"$5.99
 ea.",,$0.75 /100g,,,https://product-images.metro.ca/images/h12/h57/11521068367902.jpg,https://www.metro.ca/en/online-grocery/search-page-91
TOSTITOS,Hot Salsa,418 mL,"$4.99
 ea.",,$1.19 /100ml,,,https://product-images.metro.ca/images/h84/h10/11627077238814.jpg,https://www.metro.ca/en/online-grocery/search-page-91
EARTH'S OWN,Original Flavour Fortified Oat Beverage,1.75 L,"$4.99
 ea.",,$0.29 /100ml,,,https://product-images.metro.ca/images/hb6/h58/11608637210654.jpg,https://www.metro.ca/en/online-grocery/search-page-91
CAMPBELL'S,Condensed Cream Of Chicken Without Added Salt,284 mL,"$2.29
 ea.",,$0.81 /100ml,"Regular price
$2.99  ea.","Valid until Jan 24, 2024",https://product-images.metro.ca/images/hd1/h8c/10509507231774.jpg,https://www.metro.ca/en/online-grocery/search-page-91
METROGO!,Mixed Cut Vegetables With Ranch Dip,1 un,"$4.99
 ea.",,$2.22 /100g,,,https://product-images.metro.ca/images/h63/h6f/9195114299422.jpg,https://www.metro.ca/en/online-grocery/search-page-91
OLD EL PASO,Medium Size Flour Tortillas,12 un,"$3.49
 ea.",,$1.18 /100g,"Regular price
$3.99  ea.","Valid until Jan 24, 2024",https://product-images.metro.ca/images/h88/h34/12354376106014.jpg,https://www.metro.ca/en/online-grocery/search-page-91
NESTLÉ,"Chocolate Bars, Aero",4x42 g,"$5.99
 ea.",,$3.57 /100g,,,,https://www.metro.ca/en/online-grocery/search-page-91
CLARK,Beans With Tomato Sauce,398 mL,"$2.69
 ea.",,$0.68 /100ml,,,https://product-images.metro.ca/images/hd7/h07/9811349438494.jpg,https://www.metro.ca/en/online-grocery/search-page-91
GLACÉAU VITAMINWATER,"XOXOX Acai, Blueberry & Pomegranate Nutrient Enhance...",591 mL,"3 / 
$6.00",,$0.34 /100ml,"Regular price
$3.29  ea.","Valid until Feb 7, 2024",,https://www.metro.ca/en/online-grocery/search-page-91
BLUEWATER SEAFOODS,Frozen Beer Battered Alaska Pollock Fillets,450 g,"$8.99
 ea.",,$2.00 /100g,"Regular price
$12.99  ea.","Valid until Jan 10, 2024",https://product-images.metro.ca/images/hda/h28/12048175300638.jpg,https://www.metro.ca/en/online-grocery/search-page-91
MASTRO,Rosemary Roasted Ham,,"$4.29
 / 100 g",,$42.90 /kg$19.46 /lb.,"Regular price
$47.90  / kg","Valid until Jan 17, 2024",https://product-images.metro.ca/images/h96/h0a/9222511296542.jpg,https://www.metro.ca/en/online-grocery/search-page-91
,"Organic Apple, Granny Smith",,"$1.12
 avg. ea.",(170 g avg.),$6.59 /kg$2.99 /lb.,,,,https://www.metro.ca/en/online-grocery/search-page-91
KELLOGG'S,Chocolatey Chip Waffles,16x560 g,"$7.49
 ea.",,$1.34 /100g,,,https://product-images.metro.ca/images/hf1/ha6/11133599219742.jpg,https://www.metro.ca/en/online-grocery/search-page-91
ST-HUBERT,Poutine Gravy Mix,52 g,"3 / 
$5.00",,$3.21 /100g,"Regular price
$2.39  ea.","Valid until Jan 10, 2024",https://product-images.metro.ca/images/heb/h51/10170588004382.jpg,https://www.metro.ca/en/online-grocery/search-page-91
SELECTION,Summer Blend Juice From Concentrate,1 L,"$1.49
 ea.",,$0.15 /100ml,"Regular price
$1.89  ea.","Valid until Jan 24, 2024",https://product-images.metro.ca/images/hb1/ha9/10788933435422.jpg,https://www.metro.ca/en/online-grocery/search-page-91
SELECTION,"Mixed Vegetables, Packed In Season",540 mL,"$2.29
 ea.",,$0.42 /100ml,"Regular price
$2.69  ea.","Valid until Jan 10, 2024",,https://www.metro.ca/en/online-grocery/search-page-91
,Pork Cubes,1 pack,"$3.08
 avg. ea.",(400 g avg.),$7.69 /kg$3.49 /lb.,"Regular price
$14.31  avg. kg","Valid until Jan 10, 2024",https://product-images.metro.ca/images/h4d/h37/8886642245662.jpg,https://www.metro.ca/en/online-grocery/search-page-91
METROGO!,Pasta Salad With Bacon,,"$5.64
 avg. ea.",(195 g avg.),$28.90 /kg$13.11 /lb.,,,https://product-images.metro.ca/images/h88/h57/11926683189278.jpg,https://www.metro.ca/en/online-grocery/search-page-91
BETTY CROCKER,Mashed Potatoes Mix,2x90 g,"$3.99
 ea.",,$2.22 /100g,,,https://product-images.metro.ca/images/h29/hef/9526647128094.jpg,https://www.metro.ca/en/online-grocery/search-page-91
KRAFT,Fat Free Italian Dressing & Marinade,475 mL,"$4.49
 ea.",,$0.95 /100ml,,,https://product-images.metro.ca/images/hd6/h22/9986868969502.jpg,https://www.metro.ca/en/online-grocery/search-page-91
HIGH LINER,"Frozen Lemon Pepper Seasoned Sole Fillets, Pan-Sear ...",540 g,"$18.99
 ea.",,$3.52 /100g,,,,https://www.metro.ca/en/online-grocery/search-page-91
IRRESISTIBLES,Frozen Phyllo Pastry,454 g,"$2.99
 ea.",,$0.66 /100g,"Regular price
$3.29  ea.","Valid until Jan 10, 2024",https://product-images.metro.ca/images/hcf/h7d/11521025736734.jpg,https://www.metro.ca/en/online-grocery/search-page-91
ST-HUBERT,Vegetable Soup,540 mL,"$3.99
 ea.",,$0.74 /100ml,,,https://product-images.metro.ca/images/hd9/h55/10402326544414.jpg,https://www.metro.ca/en/online-grocery/search-page-91
VH,Sweet & Sour Dipping Sauce,341 mL,"2 / 
$8.00",,$1.17 /100ml,"Regular price
$4.69  ea.","Valid until Jan 24, 2024",https://product-images.metro.ca/images/h67/h00/9519169339422.jpg,https://www.metro.ca/en/online-grocery/search-page-92
LECLERC,"French Creme Cookies, Tradition",300 g,"$4.99
 ea.",,$1.66 /100g,,,,https://www.metro.ca/en/online-grocery/search-page-92
KNORR,Vegetable Soup Mix,1 un,"$2.49
 ea.",,$2.49 /un.,,,https://product-images.metro.ca/images/h9c/h20/11857615781918.jpg,https://www.metro.ca/en/online-grocery/search-page-92
MAYNARDS,"Gummy Berries, Swedish Berries",185 g,"$3.29
 ea.",,$1.78 /100g,,,,https://www.metro.ca/en/online-grocery/search-page-92
CHÂTEAU THIERRY,Splash Grenadine Syrup,375 mL,"$4.49
 ea.",,$1.20 /100ml,"Regular price
$4.79  ea.","Valid until Feb 7, 2024",https://product-images.metro.ca/images/h57/h61/11351644241950.jpg,https://www.metro.ca/en/online-grocery/search-page-92
SELECTION,"Diet Soft Drink, Tonic Water",1 L,"$1.39
 ea.",,$0.14 /100ml,,,,https://www.metro.ca/en/online-grocery/search-page-92
DRUMSTICK,"Vanilla And Caramel Flavoured Mini Dessert Cones, Minis",6x66 mL,"$5.99
 ea.",,$1.51 /100ml,"Regular price
$8.79  ea.","Valid until Jan 24, 2024",,https://www.metro.ca/en/online-grocery/search-page-92
METROGO!,Pure Butter Ham Croissant,,"$5.99
 ea.",,$3.74 /100g,,,https://product-images.metro.ca/images/h79/hdb/11926701441054.jpg,https://www.metro.ca/en/online-grocery/search-page-92
JARLSBERG,Firm Ripened Cheese,1 piece,"$10.16
 avg. ea.",(185 g avg.),$54.90 /kg$24.90 /lb.,,,https://product-images.metro.ca/images/hc7/h9d/8886651650078.jpg,https://www.metro.ca/en/online-grocery/search-page-92
,Tomato And Basil Kaiser Rolls,6x65 g,"$4.99
 ea.",,$1.28 /100g,,,https://product-images.metro.ca/images/hf1/h50/8861842374686.jpg,https://www.metro.ca/en/online-grocery/search-page-92
LAFLEUR,P'Tit Bonheur Pork And Beef Sausages,375 g,"$6.29
 ea.",,$1.68 /100g,,,https://product-images.metro.ca/images/h52/h21/11449573441566.jpg,https://www.metro.ca/en/online-grocery/search-page-92
DRUMSTICK,Chocolate Peanut Butter Flavoured Dessert Cones,4x140 mL,"$5.99
 ea.",,$1.07 /100ml,"Regular price
$8.79  ea.","Valid until Jan 24, 2024",https://product-images.metro.ca/images/hcb/he5/10183817101342.jpg,https://www.metro.ca/en/online-grocery/search-page-92
THE LAUGHING COW,Garlic And Herbs Processed Cheese Spread,8x16.6 g,"$3.79
 ea.",,$2.85 /100g,"Regular price
$4.79  ea.","Valid until Jan 10, 2024",https://product-images.metro.ca/images/h7d/h8a/12083878952990.jpg,https://www.metro.ca/en/online-grocery/search-page-92
LYSOL,"Spring Waterfall® Scented Toilet Bowl Cleaner, Actio...",710 ml,"$3.99
 ea.",,$0.56 /100ml,,,,https://www.metro.ca/en/online-grocery/search-page-92
TENDERFLAKE,Frozen Tart Shells,255 g,"$4.29
 ea.",,$1.68 /100g,,,https://product-images.metro.ca/images/h71/hbf/11642904805406.jpg,https://www.metro.ca/en/online-grocery/search-page-92
SCHWEPPES,Ginger Ale,6x222 mL,"2 / 
$8.00",,$0.30 /100ml,"Regular price
$4.99  ea.","Valid until Jan 24, 2024",https://product-images.metro.ca/images/h4f/hb4/11892953284638.jpg,https://www.metro.ca/en/online-grocery/search-page-92
SELECTION,Pecan Pieces,100 g,"$5.29
 ea.",,$5.29 /100g,,,https://product-images.metro.ca/images/hd1/hf1/11521211367454.jpg,https://www.metro.ca/en/online-grocery/search-page-92
BARILLA,Lasagna Pasta,454 g,"$5.99
 ea.",,$1.32 /100g,,,https://product-images.metro.ca/images/ha3/h8f/11351653384222.jpg,https://www.metro.ca/en/online-grocery/search-page-92
LELARGE,Nonpareil Capers,105 mL,"$2.99
 ea.",,$2.85 /100ml,"Regular price
$3.29  ea.","Valid until Jan 24, 2024",https://product-images.metro.ca/images/h3c/hc8/8855410999326.jpg,https://www.metro.ca/en/online-grocery/search-page-92
PARLOUR,Chocolate Flavoured Frozen Dessert,1.5 L,"$5.99
 ea.",,$0.40 /100ml,,,https://product-images.metro.ca/images/he5/h47/11642891894814.jpg,https://www.metro.ca/en/online-grocery/search-page-92
KNORR,À La King Sauce Mix,1 un,"$2.49
 ea.",,$2.49 /un.,,,,https://www.metro.ca/en/online-grocery/search-page-92
MELITTA,Bamboo N°4 Cone Coffee Filters,80 un,"$4.99
 ea.",,$0.06 /un.,"Regular price
$6.49  ea.","Valid until Feb 7, 2024",https://product-images.metro.ca/images/ha8/h88/9514869162014.jpg,https://www.metro.ca/en/online-grocery/search-page-92
ORGANIC MUSHROOM COMPANY,Organic Sliced White Mushrooms,227 g,"$3.49
 ea.",,$1.54 /100g,,,https://product-images.metro.ca/images/h2f/h58/9194241392670.jpg,https://www.metro.ca/en/online-grocery/search-page-92
CHAPMAN'S,Vanilla Frozen Yogurt,2 L,"$6.29
 ea.",,$0.31 /100ml,"Regular price
$7.99  ea.","Valid until Feb 14, 2024",https://product-images.metro.ca/images/h31/hcf/10250241900574.jpg,https://www.metro.ca/en/online-grocery/search-page-92
JELL-O,Raspberry Jelly Powder Without Added Sugar,10 g,"$1.59
 ea.",,$15.90 /100g,,,https://product-images.metro.ca/images/h21/hfb/9986843279390.jpg,https://www.metro.ca/en/online-grocery/search-page-92
METROGO!,Rosée Sauce Salmon Fillet,,"$12.74
 avg. ea.",(355 g avg.),$35.90 /kg$16.28 /lb.,,,https://product-images.metro.ca/images/ha9/h8c/11926762487838.jpg,https://www.metro.ca/en/online-grocery/search-page-92
SMOKY BAY,Australian White Wine,1 L,"$13.49
 ea.",,$1.35 /100ml,"Regular price
$14.99  ea.","Valid until Feb 7, 2024",https://product-images.metro.ca/images/h6a/hfe/9518153629726.jpg,https://www.metro.ca/en/online-grocery/search-page-92
OIKOS,2% Vanilla Flavoured Greek Yogurt,750 g,"$7.99
 ea.",,$1.07 /100g,,,https://product-images.metro.ca/images/h42/h60/11590650462238.jpg,https://www.metro.ca/en/online-grocery/search-page-92
,Organic Basil In A Pot,1 un,"$6.99
 ea.",,$6.99 /un.,,,https://product-images.metro.ca/images/h14/h3a/11511638097950.jpg,https://www.metro.ca/en/online-grocery/search-page-92
CATELLI,"Straight Cut Macaroni, Classic",900 g,"$2.99
 ea.",,$0.33 /100g,"Regular price
$4.99  ea.","Valid until Jan 24, 2024",,https://www.metro.ca/en/online-grocery/search-page-92
METROGO!,Pineapple Chunks,Large,"$6.99
 ea.",,$1.27 /100g,,,https://product-images.metro.ca/images/h88/hbb/8837169840158.jpg,https://www.metro.ca/en/online-grocery/search-page-93
MCCAFÉ,"Premium Roast Coffee T Discs, Tassimo",14 un,"$12.99
 ea.",,$0.93 /un.,,,,https://www.metro.ca/en/online-grocery/search-page-93
ST-HUBERT,Frozen Chicken & Broccoli Gratin,715 g,"$12.99
 ea.",,$1.82 /100g,"Regular price
$13.99  ea.","Valid until Jan 10, 2024",https://product-images.metro.ca/images/h09/h4c/11754098393118.jpg,https://www.metro.ca/en/online-grocery/search-page-93
GREEN GIANT,Niblets Whole Kernel Corn,199 mL,"$2.49
 ea.",,$1.25 /100ml,,,https://product-images.metro.ca/images/h62/h56/10185943056414.jpg,https://www.metro.ca/en/online-grocery/search-page-93
CRUSH,Orange Flavoured Soft Drink,6x222 mL,"2 / 
$8.00",,$0.30 /100ml,"Regular price
$4.99  ea.","Valid until Jan 24, 2024",https://product-images.metro.ca/images/he7/h44/11735029678110.jpg,https://www.metro.ca/en/online-grocery/search-page-93
TOBLERONE,Frozen Gluten Free Chocolate Torte,400 g,"$15.99
 ea.",,$4.00 /100g,,,https://product-images.metro.ca/images/h95/h9d/8859789787166.jpg,https://www.metro.ca/en/online-grocery/search-page-93
METROGO!,Potato Salad,,"$3.67
 avg. ea.",(205 g avg.),$17.90 /kg$8.12 /lb.,,,https://product-images.metro.ca/images/h7a/h10/8869011226654.jpg,https://www.metro.ca/en/online-grocery/search-page-93
BEATRICE,Fat Free Sour Cream Product,500 mL,"$3.99
 ea.",,$0.80 /100ml,"Regular price
$4.69  ea.","Valid until Feb 14, 2024",https://product-images.metro.ca/images/hfa/hb3/11157667086366.jpg,https://www.metro.ca/en/online-grocery/search-page-93
SELECTION,All-Purpose Flour,1 kg,"$2.99
 ea.",,$0.30 /100g,,,https://product-images.metro.ca/images/h11/h76/9458884116510.jpg,https://www.metro.ca/en/online-grocery/search-page-93
SUMMER FRESH,Greek Pasta Salad,800 g,"$10.49
 ea.",,$1.31 /100g,"Regular price
$12.49  ea.","Valid until Jan 17, 2024",https://product-images.metro.ca/images/ha2/hfe/9213106683934.jpg,https://www.metro.ca/en/online-grocery/search-page-93
IRRESISTIBLES,"Parmesan And Red Wine Salami, Artisan",,"$4.99
 / 100 g",,$49.90 /kg$22.63 /lb.,"Regular price
$53.90  / kg","Valid until Jan 17, 2024",,https://www.metro.ca/en/online-grocery/search-page-93
NESCAFÉ,Colombian Instant Coffee,100 g,"$8.49
 ea.",,$8.49 /100g,,,https://product-images.metro.ca/images/hed/hfb/11477848096798.jpg,https://www.metro.ca/en/online-grocery/search-page-93
NESCAFÉ,Decaffeinated Instant Coffee,100 g,"$8.49
 ea.",,$8.49 /100g,,,https://product-images.metro.ca/images/h11/had/11728536502302.jpg,https://www.metro.ca/en/online-grocery/search-page-93
CAMPBELL'S,Condensed Chicken With Rice Soup,284 mL,"$2.29
 ea.",,$0.81 /100ml,"Regular price
$2.99  ea.","Valid until Jan 24, 2024",https://product-images.metro.ca/images/hcc/hc0/11679619481630.jpg,https://www.metro.ca/en/online-grocery/search-page-93
LECLERC,"Dark Chocolate Chip Cookies With Red Wine Extract, P...",210 g,"$3.69
 ea.",,$1.76 /100g,"Regular price
$4.99  ea.","Valid until Jan 24, 2024",,https://www.metro.ca/en/online-grocery/search-page-93
BECEL,Avocado Oil Margarine,850 g,"$7.99
 ea.",,$0.94 /100g,"Regular price
$9.79  ea.","Valid until Jan 10, 2024",https://product-images.metro.ca/images/h2d/h47/9522712379422.jpg,https://www.metro.ca/en/online-grocery/search-page-93
GASPÉSIEN,Smoked Ham Steak,250 g,"$6.99
 ea.",,$2.80 /100g,,,https://product-images.metro.ca/images/h53/he7/11816789311518.jpg,https://www.metro.ca/en/online-grocery/search-page-93
CAMPBELL'S,Condensed Cream Of Celery,284 mL,"$2.29
 ea.",,$0.81 /100ml,"Regular price
$2.99  ea.","Valid until Jan 24, 2024",https://product-images.metro.ca/images/h48/h3b/10109041016862.jpg,https://www.metro.ca/en/online-grocery/search-page-93
HUNT'S,"Original Pasta Sauce, Thick & Rich",680 mL,"$3.49
 ea.",,$0.51 /100ml,,,,https://www.metro.ca/en/online-grocery/search-page-93
SELECTION,Barbecue Chips,454 g,"$3.49
 ea.",,$0.77 /100g,,,https://product-images.metro.ca/images/ha0/hfe/10200559747102.jpg,https://www.metro.ca/en/online-grocery/search-page-93
IRRESISTIBLES,Mild Capicollo,150 g,"$5.99
 ea.",,$3.99 /100g,,,https://product-images.metro.ca/images/h6c/h17/11094849290270.jpg,https://www.metro.ca/en/online-grocery/search-page-93
PRINGLES,Pizza Flavoured Potato Chips,156 g,"$3.99
 ea.",,$2.56 /100g,,,https://product-images.metro.ca/images/h3a/h46/10822804373534.jpg,https://www.metro.ca/en/online-grocery/search-page-93
CLARK,Beans With Pork And Tomato Sauce,398 mL,"$2.69
 ea.",,$0.68 /100ml,,,https://product-images.metro.ca/images/hd4/h25/9811350978590.jpg,https://www.metro.ca/en/online-grocery/search-page-93
RENÉE'S GOURMET,Balsamic Vinegar Of Modena Dressing,350 mL,"$5.99
 ea.",,$1.71 /100ml,,,https://product-images.metro.ca/images/haa/h00/9986778300446.jpg,https://www.metro.ca/en/online-grocery/search-page-93
RENÉE'S GOURMET,Greek Feta Dressing And Dip,355 mL,"$5.99
 ea.",,$1.69 /100ml,,,https://product-images.metro.ca/images/he0/hae/9986764898334.jpg,https://www.metro.ca/en/online-grocery/search-page-93
,Boneless Beef Striploin Roast,,"$41.87
 avg. ea.","(1,000 g avg.)",$41.87 /kg$18.99 /lb.,,,https://product-images.metro.ca/images/hda/h25/9225504522270.jpg,https://www.metro.ca/en/online-grocery/search-page-93
REAL DAIRY,Reduced Fat Light French Vanilla Flavoured Ice Cream,1.5 L,"$5.99
 ea.",,$0.40 /100ml,"Regular price
$7.99  ea.","Valid until Jan 24, 2024",https://product-images.metro.ca/images/h79/h65/11267543662622.jpg,https://www.metro.ca/en/online-grocery/search-page-93
MAPLE LEAF,"Shaved Italian Style Cooked Ham, Natural Selections",175 g,"$8.99
 ea.",,$5.14 /100g,,"Valid until Jan 10, 2024",,https://www.metro.ca/en/online-grocery/search-page-93
SAPUTO,Shaved Parmesan Cheese,125 g,"$5.29
 ea.",,$4.23 /100g,"Regular price
$6.79  ea.","Valid until Jan 17, 2024",https://product-images.metro.ca/images/h6f/hf8/10344117174302.jpg,https://www.metro.ca/en/online-grocery/search-page-93
JELL-O,Cherry Jelly Powder Without Added Sugar,11.2 g,"$1.59
 ea.",,$14.20 /100g,,,https://product-images.metro.ca/images/he3/h2a/10038519431198.jpg,https://www.metro.ca/en/online-grocery/search-page-93
SELECTION,English Muffins,12 un - 684 g,"$5.29
 ea.",,$0.77 /100g,,,https://product-images.metro.ca/images/h0d/h0d/9519206334494.jpg,https://www.metro.ca/en/online-grocery/search-page-94
ST-HUBERT,Cream Of Chicken Soup,540 mL,"$3.99
 ea.",,$0.74 /100ml,,,https://product-images.metro.ca/images/h21/h79/10402315632670.jpg,https://www.metro.ca/en/online-grocery/search-page-94
DARE,"Maple Cream Cookies, Ultimate",300 g,"2 / 
$7.00",,$1.17 /100g,"Regular price
$4.29  ea.","Valid until Jan 24, 2024",,https://www.metro.ca/en/online-grocery/search-page-94
BELSOY,Chocolate Flavoured Soy Pudding,4x125 g,"$3.77
 ea.",,$0.75 /100g,"Regular price
$5.19  ea.","Valid until Jan 10, 2024",https://product-images.metro.ca/images/h07/h47/10134480125982.jpg,https://www.metro.ca/en/online-grocery/search-page-94
SEA DELIGHT,Frozen Boneless Tuna Steaks,340 g,"$8.99
 ea.",,$2.64 /100g,"Regular price
$14.99  ea.","Valid until Jan 10, 2024",https://product-images.metro.ca/images/h12/h0d/9533027647518.jpg,https://www.metro.ca/en/online-grocery/search-page-94
METROGO!,Caesar Salad,,"$9.99
 ea.",,$2.30 /100g,,,https://product-images.metro.ca/images/hbc/h59/9195114233886.jpg,https://www.metro.ca/en/online-grocery/search-page-94
IRRESISTIBLES,Ricotta,400 g,"$7.29
 ea.",,$1.82 /100g,"Regular price
$7.49  ea.","Valid until Jan 17, 2024",https://product-images.metro.ca/images/hd9/h72/9518546190366.jpg,https://www.metro.ca/en/online-grocery/search-page-94
OLD EL PASO,Burrito Seasoning Mix,24 g,"2 / 
$3.00",,$6.25 /100g,"Regular price
$2.49  ea.","Valid until Jan 24, 2024",https://product-images.metro.ca/images/h67/ha1/10308044652574.jpg,https://www.metro.ca/en/online-grocery/search-page-94
SELECTION,Curry Powder,100 g,"$2.49
 ea.",,$2.49 /100g,,,https://product-images.metro.ca/images/h37/h3d/9020165718046.jpg,https://www.metro.ca/en/online-grocery/search-page-94
NESTLÉ,"Lifesavers® Five Flavour Ice Pops, Life Savers",10x65 mL,"$5.99
 ea.",,$0.92 /100ml,"Regular price
$8.79  ea.","Valid until Jan 24, 2024",,https://www.metro.ca/en/online-grocery/search-page-94
CHOCOLATS FAVORIS,Original Milk Chocolate Fondue,215 g,"$8.99
 ea.",,$4.18 /100g,,,https://product-images.metro.ca/images/he8/hf1/10333754589214.jpg,https://www.metro.ca/en/online-grocery/search-page-94
QUAKER,"Maple And Brown Sugar Oatmeal Cereal, Squares",500 g,"$5.79
 ea.",,$1.16 /100g,,,,https://www.metro.ca/en/online-grocery/search-page-94
,Acorn Squash,,"$6.79
 avg. ea.","(1,030 g avg.)",$6.59 /kg$2.99 /lb.,,,https://product-images.metro.ca/images/h2e/hd6/11521096417310.jpg,https://www.metro.ca/en/online-grocery/search-page-94
SELECTION,Whole Wheat Soft Sandwich Bread,675 g,"$2.99
 ea.",,$0.44 /100g,"Regular price
$3.59  ea.","Valid until Jan 10, 2024",https://product-images.metro.ca/images/h8f/h3a/9761057275934.jpg,https://www.metro.ca/en/online-grocery/search-page-94
ZIPLOC,Medium Freezer Bags,38 un,"$8.99
 ea.",,$0.24 /un.,,,https://product-images.metro.ca/images/ha0/hc1/11665313333278.jpg,https://www.metro.ca/en/online-grocery/search-page-94
NANUK,Frozen Sliced Smoked Pacific Sockeye Salmon,85 g,"$10.99
 ea.",,$12.93 /100g,"Regular price
$13.99  ea.","Valid until Jan 17, 2024",https://product-images.metro.ca/images/h2e/h13/10907657240606.jpg,https://www.metro.ca/en/online-grocery/search-page-94
TRISCUIT,Smoked Gouda Seasoned Crackers,200 g,"$4.49
 ea.",,$2.25 /100g,,,https://product-images.metro.ca/images/h9e/h3f/11117342195742.jpg,https://www.metro.ca/en/online-grocery/search-page-94
,9" Tomato And Basil Submarine Rolls,4x100 g,"$4.99
 ea.",,$1.25 /100g,,,,https://www.metro.ca/en/online-grocery/search-page-94
CHEF LELARGE,"Pepper Sauce Mix, Fine Cuisine",40 g,"3 / 
$5.00",,$4.17 /100g,"Regular price
$2.69  ea.","Valid until Jan 10, 2024",,https://www.metro.ca/en/online-grocery/search-page-94
COCA-COLA,Soft Drink,500 mL,"$2.99
 ea.",,$0.60 /100ml,,,https://product-images.metro.ca/images/h00/h4f/10495604490270.jpg,https://www.metro.ca/en/online-grocery/search-page-94
EXCELDOR,"Boneless Skinless Chicken Breasts, Value Pack",4 breasts per tray,"$22.47
 avg. ea.",(850 g avg.),$26.43 /kg$11.99 /lb.,,,https://product-images.metro.ca/images/hd7/h17/9667787423774.jpg,https://www.metro.ca/en/online-grocery/search-page-94
LIBERTÉ,"9% Coconut Flavoured Yogurt, Méditerranée",500 g,"$5.79
 ea.",,$1.16 /100g,,,,https://www.metro.ca/en/online-grocery/search-page-94
GIORGIO,Rosé Sauce,900 mL,"$7.29
 ea.",,$0.81 /100ml,,,https://product-images.metro.ca/images/hde/h32/9668784095262.jpg,https://www.metro.ca/en/online-grocery/search-page-94
SELECTION,Strawberry Jelly Powder,85 g,"$0.99
 ea.",,$1.16 /100g,,,https://product-images.metro.ca/images/hcc/hcf/10091111972894.jpg,https://www.metro.ca/en/online-grocery/search-page-94
NATREL,"1% Lactose Free Milk, Fine-Filtered",4 L,"$12.99
 ea.",,$0.32 /100ml,,,,https://www.metro.ca/en/online-grocery/search-page-94
SAN DANIELE,Skinless Prosciutto,,"$5.49
 / 100 g",,$54.90 /kg$24.90 /lb.,"Regular price
$59.90  / kg","Valid until Jan 17, 2024",https://product-images.metro.ca/images/h5d/h4c/9342872485918.jpg,https://www.metro.ca/en/online-grocery/search-page-94
CHEF GEORGES,Homestyle Ham,,"$3.49
 / 100 g",,$34.90 /kg$15.83 /lb.,"Regular price
$41.90  / kg","Valid until Jan 17, 2024",https://product-images.metro.ca/images/h7b/hdf/9742307196958.jpg,https://www.metro.ca/en/online-grocery/search-page-94
RENÉE'S GOURMET,Mighty Caesar Dressing,750 mL,"$9.99
 ea.",,$1.33 /100ml,,,https://product-images.metro.ca/images/h19/h74/11761467490334.jpg,https://www.metro.ca/en/online-grocery/search-page-94
SELECTION,Low-Fat Cream Of Broccoli Condensed Soup,284 mL,"2 / 
$2.22",,$0.39 /100ml,"Regular price
$2.29  ea.","Valid until Jan 24, 2024",https://product-images.metro.ca/images/h93/h17/10134500442142.jpg,https://www.metro.ca/en/online-grocery/search-page-94
SPRITE,Soft Drink,2 L,"$3.69
 ea.",,$0.18 /100ml,,,https://product-images.metro.ca/images/h81/h73/11541005369374.jpg,https://www.metro.ca/en/online-grocery/search-page-94
SELECTION,Semi-Sweet Chocolate Chips,1 kg,"$9.99
 ea.",,$1.00 /100g,,,https://product-images.metro.ca/images/h6d/h6d/11614470963230.jpg,https://www.metro.ca/en/online-grocery/search-page-95
FRUITÉ,Fruit Punch Drink,2 L,"2 / 
$6.00",,$0.15 /100ml,"Regular price
$3.59  ea.","Valid until Jan 10, 2024",https://product-images.metro.ca/images/hbc/h51/11693707231262.jpg,https://www.metro.ca/en/online-grocery/search-page-95
CANTON,3 Pepper Fondue And Dipping Sauce,180 mL,"2 / 
$7.00",,$1.94 /100ml,"Regular price
$3.99  ea.","Valid until Jan 24, 2024",https://product-images.metro.ca/images/hc1/he2/11088020733982.jpg,https://www.metro.ca/en/online-grocery/search-page-95
KIKKOMAN,Japanese Style Panko Bread Crumbs,227 g,"$5.79
 ea.",,$2.55 /100g,,,https://product-images.metro.ca/images/h10/hba/11432730198046.jpg,https://www.metro.ca/en/online-grocery/search-page-95
ST-DONAT BAKERY,Apple And Creamy Fudge Pie,570 g,"$9.99
 ea.",,$1.75 /100g,,,https://product-images.metro.ca/images/h86/h2a/11541062156318.jpg,https://www.metro.ca/en/online-grocery/search-page-95
IRRESISTIBLES,Fresh Tortellini With Beef,350 g,"$4.49
 ea.",,$1.28 /100g,"Regular price
$4.99  ea.","Valid until Jan 17, 2024",https://product-images.metro.ca/images/hd5/he6/11307047092254.jpg,https://www.metro.ca/en/online-grocery/search-page-95
CHRISTIE,Classic Oatmeal Cookies With Chocolate Chip Portion ...,300 g,"$3.79
 ea.",,$1.26 /100g,"Regular price
$4.99  ea.","Valid until Jan 24, 2024",,https://www.metro.ca/en/online-grocery/search-page-95
MOTT'S,"Strawberry And Apple Sauce, Fruitsations",6x111 g,"$3.49
 ea.",,$0.51 /100g,,,,https://www.metro.ca/en/online-grocery/search-page-95
ROUGEMONT,Mellow Apple Juice,2 L,"$4.49
 ea.",,$0.22 /100ml,"Regular price
$4.99  ea.","Valid until Jan 24, 2024",https://product-images.metro.ca/images/hcb/hd2/11937047674910.jpg,https://www.metro.ca/en/online-grocery/search-page-95
GRISSOL,"Sesame Round Cracker, Melba Canapé",150 g,"$1.99
 ea.",,$1.33 /100g,"Regular price
$4.29  ea.","Valid until Jan 10, 2024",,https://www.metro.ca/en/online-grocery/search-page-95
BULLES DE NUIT,Sparkling Wine Style Alcoholic Malt Beverage,750 mL,"$7.99
 ea.",,$1.07 /100ml,"Regular price
$9.99  ea.","Valid until Feb 7, 2024",https://product-images.metro.ca/images/heb/h29/9742463664158.jpg,https://www.metro.ca/en/online-grocery/search-page-95
MELITTA,Traditional Ground Coffee,652 g,"$13.99
 ea.",,$2.15 /100g,"Regular price
$14.99  ea.","Valid until Feb 7, 2024",https://product-images.metro.ca/images/h9c/hf1/8846669119518.jpg,https://www.metro.ca/en/online-grocery/search-page-95
M&M'S,Milk Chocolate Candies With Peanuts,200 g,"$5.49
 ea.",,$2.75 /100g,"Regular price
$7.29  ea.","Valid until Jan 24, 2024",https://product-images.metro.ca/images/h20/h7a/11892954693662.jpg,https://www.metro.ca/en/online-grocery/search-page-95
SELECTION,Reduced Salt Chicken Bouillon Concentrate,250 mL,"$4.79
 ea.",,$1.92 /100ml,,,https://product-images.metro.ca/images/h63/h82/11274310090782.jpg,https://www.metro.ca/en/online-grocery/search-page-95
NESTLÉ,"Kit Kat® Frozen Dessert, Kit Kat",1.5 L,"$5.99
 ea.",,$0.40 /100ml,"Regular price
$7.99  ea.","Valid until Jan 24, 2024",,https://www.metro.ca/en/online-grocery/search-page-95
COMMENSAL,Vegetable Soup,600 mL,"$7.79
 ea.",,$1.30 /100ml,,,https://product-images.metro.ca/images/h59/h54/10062165737502.jpg,https://www.metro.ca/en/online-grocery/search-page-95
POM WONDERFUL,Pomegranate Juice,473 mL,"$6.99
 ea.",,$1.48 /100ml,,,https://product-images.metro.ca/images/hd8/he4/11754045112350.jpg,https://www.metro.ca/en/online-grocery/search-page-95
VIM,Cream Cleaner With Bleach,500 mL,"$3.99
 ea.",,$0.80 /100ml,,,https://product-images.metro.ca/images/h3f/h69/11728523853854.jpg,https://www.metro.ca/en/online-grocery/search-page-95
DOLE,Mandarin Orange Cups In Juice,4x107 mL,"$4.49
 ea.",,$1.05 /100ml,,,https://product-images.metro.ca/images/h84/hc5/11816791408670.jpg,https://www.metro.ca/en/online-grocery/search-page-95
GLACÉAU VITAMINWATER,Essential Orange Nutrient Enhanced Water Beverage,591 mL,"3 / 
$6.00",,$0.34 /100ml,"Regular price
$3.29  ea.","Valid until Feb 7, 2024",https://product-images.metro.ca/images/hc7/he4/10495657836574.jpg,https://www.metro.ca/en/online-grocery/search-page-95
IRRESISTIBLES,Frozen Pacific White Shrimp Half Ring With Cocktail ...,567 g,"$15.00
 ea.",,$2.65 /100g,"Regular price
$16.99  ea.","Valid until Jan 17, 2024",,https://www.metro.ca/en/online-grocery/search-page-95
UNICO,Pitted Kalamata Olives,375 mL,"$4.29
 ea.",,$1.14 /100ml,"Regular price
$5.29  ea.","Valid until Jan 24, 2024",https://product-images.metro.ca/images/ha6/haf/9526652567582.jpg,https://www.metro.ca/en/online-grocery/search-page-95
LA CAGE,Frozen Breaded Chicken Bites,550 g,"$8.99
 ea.",,$1.63 /100g,"Regular price
$15.99  ea.","Valid until Jan 10, 2024",https://product-images.metro.ca/images/h3d/h3e/11493009653790.jpg,https://www.metro.ca/en/online-grocery/search-page-95
KIKKOMAN,Soy Sauce,591 mL,"$9.99
 ea.",,$1.69 /100ml,,,https://product-images.metro.ca/images/he4/ha3/11937059340318.jpg,https://www.metro.ca/en/online-grocery/search-page-95
PLATINUM,AAA Platinum Angus Ribeye Steak,,"$15.76
 avg. ea.",(325 g avg.),$48.48 /kg$21.99 /lb.,,,https://product-images.metro.ca/images/hcc/h52/8886597976094.jpg,https://www.metro.ca/en/online-grocery/search-page-95
7UP,Diet Soft Drink,2 L,"2 / 
$6.00",,$0.15 /100ml,"Regular price
$3.49  ea.","Valid until Jan 24, 2024",https://product-images.metro.ca/images/h04/he4/11735026171934.jpg,https://www.metro.ca/en/online-grocery/search-page-95
SELECTION,Heavy Duty Aluminum Foil - 25',7.62 m,"$3.49
 ea.",,$45.80 /100m,"Regular price
$3.99  ea.","Valid until Feb 7, 2024",https://product-images.metro.ca/images/hb9/h27/11521005420574.jpg,https://www.metro.ca/en/online-grocery/search-page-95
RENÉE'S GOURMET,Caesar Dressing And Dip Individual Pack,43 mL,"$0.69
 ea.",,$1.60 /100ml,,,https://product-images.metro.ca/images/h75/hd3/9522620432414.jpg,https://www.metro.ca/en/online-grocery/search-page-95
COMMENSAL,Vegetable Velouté Soup,600 mL,"$7.79
 ea.",,$1.30 /100ml,,,https://product-images.metro.ca/images/h64/h91/10062172356638.jpg,https://www.metro.ca/en/online-grocery/search-page-95
METROGO!,Smoked Salmon Salad,,"$10.26
 avg. ea.",(245 g avg.),$41.87 /kg$18.99 /lb.,"Regular price
$10.80  avg. ea.","Valid until Jan 17, 2024",https://product-images.metro.ca/images/hda/h78/8900480794654.jpg,https://www.metro.ca/en/online-grocery/search-page-95
FINISH,"Dishwasher Rinse Agent, Jet-Dry",621 mL,"$10.99
 ea.",,$1.77 /100ml,"Regular price
$12.99  ea.","Valid until Feb 7, 2024",,https://www.metro.ca/en/online-grocery/search-page-96
FANCY FEAST,Chicken Wet Cat Food,85 g,"$1.49
 ea.",,$1.75 /100g,,,https://product-images.metro.ca/images/h6e/h5c/11511496802334.jpg,https://www.metro.ca/en/online-grocery/search-page-96
SELECTION,Pineapple Chunks In Pineapple Juice,540 mL,"$2.29
 ea.",,$0.42 /100ml,"Regular price
$2.69  ea.","Valid until Feb 7, 2024",https://product-images.metro.ca/images/h9a/h86/9858086535198.jpg,https://www.metro.ca/en/online-grocery/search-page-96
IRRESISTIBLES,"All Butter Biscuits Topped With Milk Chocolate, Sign...",240 g,"$4.49
 ea.",,$1.87 /100g,,,,https://www.metro.ca/en/online-grocery/search-page-96
SELECTION,Whole Wheat Flour,2.5 kg,"$4.49
 ea.",,$0.18 /100g,"Regular price
$5.49  ea.","Valid until Feb 7, 2024",https://product-images.metro.ca/images/h28/h51/10183869595678.jpg,https://www.metro.ca/en/online-grocery/search-page-96
SELECTION,Cream Of Celery Condensed Soup,284 mL,"2 / 
$2.22",,$0.39 /100ml,"Regular price
$2.29  ea.","Valid until Jan 24, 2024",https://product-images.metro.ca/images/hb2/h3d/10134491922462.jpg,https://www.metro.ca/en/online-grocery/search-page-96
HARVEST SNAPS,Wasabi Ranch Flavoured Green Pea Crisps,93 g,"$1.90
 ea.",,$2.04 /100g,"Regular price
$3.79  ea.","Valid until Jun 6, 2024",https://product-images.metro.ca/images/h4c/had/11614463655966.jpg,https://www.metro.ca/en/online-grocery/search-page-96
PLATINUM,AAA Platinum Angus Cap Off Top Sirloin Steak,,"$12.39
 avg. ea.",(375 g avg.),$33.05 /kg$14.99 /lb.,"Regular price
$14.87  avg. ea.","Valid until Jan 10, 2024",https://product-images.metro.ca/images/h12/h99/8886512484382.jpg,https://www.metro.ca/en/online-grocery/search-page-96
MICHELINA'S,Frozen Fettuccine Alfredo,255 g,"2 / 
$5.00",,$0.98 /100g,"Regular price
$3.69  ea.","Valid until Feb 14, 2024",https://product-images.metro.ca/images/h54/h89/11760049979422.jpg,https://www.metro.ca/en/online-grocery/search-page-96
,Pink Tomatoes,454 g,"$5.99
 ea.",,$1.32 /100g,,,https://www.metro.ca/images/shared/placeholders/icon-no-picture.svg?v=2023.71.1.d1,https://www.metro.ca/en/online-grocery/search-page-96
KNORR,"Fondue Bouillon Mix, Bovril",142 g,"$3.79
 ea.",,$2.67 /100g,,,,https://www.metro.ca/en/online-grocery/search-page-96
7UP,Diet Soft Drink,6x710 mL,"$6.49
 ea.",,$0.15 /100ml,,,https://product-images.metro.ca/images/had/hce/10139296923678.jpg,https://www.metro.ca/en/online-grocery/search-page-96
MAILLE,Old Style Mustard,200 mL,"$4.99
 ea.",,$2.50 /100ml,"Regular price
$5.79  ea.","Valid until Jan 10, 2024",https://product-images.metro.ca/images/h8b/h4f/9514939645982.jpg,https://www.metro.ca/en/online-grocery/search-page-96
7UP,"Diet Soft Drink, Mini",6x222 mL - cans,"2 / 
$8.00",,$0.30 /100ml,"Regular price
$4.99  ea.","Valid until Jan 24, 2024",,https://www.metro.ca/en/online-grocery/search-page-96
DAINTY,Mexican Cooked Rice,350 g,"$2.99
 ea.",,$0.85 /100g,,,https://product-images.metro.ca/images/h3e/h87/10715300462622.jpg,https://www.metro.ca/en/online-grocery/search-page-96
IRRESISTIBLES,Double Chocolate Muffins,"4 muffins, 400 g","$6.49
 ea.",,$1.62 /100g,,"Valid until Jan 10, 2024",https://product-images.metro.ca/images/h92/h0e/9047920214046.jpg,https://www.metro.ca/en/online-grocery/search-page-96
CLASSICO,"Beef And Pork Pasta Sauce, D'Abruzzi",650 mL,"$5.49
 ea.",,$0.84 /100ml,,,,https://www.metro.ca/en/online-grocery/search-page-96
LAFLEUR,Regular Bologna,675 g,"$7.99
 ea.",,$1.18 /100g,,,https://product-images.metro.ca/images/hf6/h3b/9999242428446.jpg,https://www.metro.ca/en/online-grocery/search-page-96
BERTOLLI,Balsamic Vinegar Of Modena,500 mL,"$6.79
 ea.",,$1.36 /100ml,,,https://product-images.metro.ca/images/h68/h53/10893955923998.jpg,https://www.metro.ca/en/online-grocery/search-page-96
LONEY'S,Dehydrated Fat Free Chicken Broth,400 g,"$6.29
 ea.",,$1.57 /100g,"Regular price
$6.99  ea.","Valid until Jan 24, 2024",https://product-images.metro.ca/images/h35/hb5/9554235031582.jpg,https://www.metro.ca/en/online-grocery/search-page-96
WRIGLEY'S,"Bubblemint Flavoured Sugar-Free Gum, Excel White",60 un,"$6.29
 ea.",,$0.10 /un.,,,,https://www.metro.ca/en/online-grocery/search-page-96
RITZ,Cheese Flavoured Cracker Sandwiches,180 g,"$3.49
 ea.",,$1.94 /100g,"Regular price
$4.19  ea.","Valid until Jan 24, 2024",https://product-images.metro.ca/images/he6/hd4/11257085394974.jpg,https://www.metro.ca/en/online-grocery/search-page-96
FRESH ATTITUDE,Oriental Salad Mix,142 g,"2 / 
$5.00",,$1.76 /100g,"Regular price
$4.99  ea.","Valid until Jan 10, 2024",https://product-images.metro.ca/images/h77/hbe/11883372544030.jpg,https://www.metro.ca/en/online-grocery/search-page-96
COMPAGNIE DES FROMAGES & RICHESMONTS,Saint-André Triple Cream Soft Cheese,200 g,"$9.99
 ea.",,$5.00 /100g,,,https://product-images.metro.ca/images/hb5/hf4/8834743336990.jpg,https://www.metro.ca/en/online-grocery/search-page-96
SELECTION,"Soft Drink, Red Cola",2 L,"$2.29
 ea.",,$0.11 /100ml,,,,https://www.metro.ca/en/online-grocery/search-page-96
QUÉBON,1% Egg Nog,1 L,"$4.79
 ea.",,$0.48 /100ml,,,https://product-images.metro.ca/images/h0d/h05/11351669997598.jpg,https://www.metro.ca/en/online-grocery/search-page-96
HANDI-FOIL,"9 Inche Large Pie Pans, Eco-Foil",6 un,"$2.99
 ea.",,$2.99 /un.,,,,https://www.metro.ca/en/online-grocery/search-page-96
MAYNARDS,"Peach Flavoured Sour Gummies, Fuzzy Peach",355 g,"$5.49
 ea.",,$1.55 /100g,,,,https://www.metro.ca/en/online-grocery/search-page-96
GENERAL MILLS,"Maple Syrup Flavoured Cereal, French Toast Crunch",380 g,"2 / 
$8.00",,or $5.99 ea. $1.05 /100g,,"Valid until Feb 7, 2024",,https://www.metro.ca/en/online-grocery/search-page-96
KNORR,Cream Of Broccoli Soup Mix,1 un,"$2.49
 ea.",,$2.49 /un.,,,https://product-images.metro.ca/images/he9/h32/11728533258270.jpg,https://www.metro.ca/en/online-grocery/search-page-96
NATUR-A,Organic Vanilla Soy Beverage,1.89 L,"$4.99
 ea.",,$0.26 /100ml,,,https://product-images.metro.ca/images/h25/h7a/11574071984158.jpg,https://www.metro.ca/en/online-grocery/search-page-97
NAKED,Mighty Mango® Fruit Smoothie,450 mL,"$4.99
 ea.",,$1.11 /100ml,,,https://product-images.metro.ca/images/h04/h2b/10062224556062.jpg,https://www.metro.ca/en/online-grocery/search-page-97
MOTT'S,"The Works™ Tomato Clam Cocktail, Clamato",1.89 L,"$4.79
 ea.",,$0.25 /100ml,"Regular price
$5.49  ea.","Valid until Jan 24, 2024",,https://www.metro.ca/en/online-grocery/search-page-97
CLOVER LEAF,Dill And Lemon Flaked Light Tuna,85 g,"$1.99
 ea.",,$2.34 /100g,"Regular price
$2.49  ea.","Valid until Jan 10, 2024",https://product-images.metro.ca/images/hc8/h0c/11374798569502.jpg,https://www.metro.ca/en/online-grocery/search-page-97
TENDERFLAKE,Frozen Patty Shells,300 g,"$4.29
 ea.",,$1.43 /100g,,,https://product-images.metro.ca/images/h8d/h9d/11642901168158.jpg,https://www.metro.ca/en/online-grocery/search-page-97
AKI SUSHI,"Spicy Mayonnaise, Fuji Sauce",30 mL,"$1.25
 ea.",,$4.17 /100ml,,,,https://www.metro.ca/en/online-grocery/search-page-97
PEPSI,Diet Soft Drink,591 mL,"2 / 
$5.00",,$0.42 /100ml,"Regular price
$2.99  ea.","Valid until Jan 24, 2024",https://product-images.metro.ca/images/h1c/hb4/10045000384542.jpg,https://www.metro.ca/en/online-grocery/search-page-97
PEACE TEA,Lemonade Flavoured Iced Tea,695 mL,"$1.49
 ea.",,$0.21 /100ml,,,https://product-images.metro.ca/images/hce/h08/10495748079646.jpg,https://www.metro.ca/en/online-grocery/search-page-97
MELITTA,Basket Coffee Filters,200 un,"$3.99
 ea.",,$0.02 /un.,,,https://product-images.metro.ca/images/hb3/h36/9514860806174.jpg,https://www.metro.ca/en/online-grocery/search-page-97
PLAISIRS GASTRONOMIQUES,Lorraine Quiche,575 g,"$9.99
 ea.",,$1.74 /100g,,,https://product-images.metro.ca/images/h02/he0/9529780404254.jpg,https://www.metro.ca/en/online-grocery/search-page-97
SELECTION,Pickled Sliced Beets,750 mL,"$3.99
 ea.",,$0.53 /100ml,"Regular price
$4.39  ea.","Valid until Jan 24, 2024",https://product-images.metro.ca/images/haa/hcc/8854786572318.jpg,https://www.metro.ca/en/online-grocery/search-page-97
SELECTION,Cavatappi Pasta,900 g,"$1.47
 ea.",,$0.16 /100g,"Regular price
$2.99  ea.","Valid until Jan 10, 2024",https://product-images.metro.ca/images/h6f/h25/10402304196638.jpg,https://www.metro.ca/en/online-grocery/search-page-97
CAMPBELL'S,Condensed Low Fat Cream Of Celery,284 mL,"$2.29
 ea.",,$0.81 /100ml,"Regular price
$2.99  ea.","Valid until Jan 24, 2024",https://product-images.metro.ca/images/hff/h3b/9522297372702.jpg,https://www.metro.ca/en/online-grocery/search-page-97
VOORTMAN,Chocolate Wafers,300 g,"2 / 
$5.00",,$0.83 /100g,"Regular price
$3.49  ea.","Valid until Jan 24, 2024",https://product-images.metro.ca/images/h12/h16/10715257667614.jpg,https://www.metro.ca/en/online-grocery/search-page-97
BICK'S,Sweet Mix Pickles,1 L,"$6.49
 ea.",,$0.65 /100ml,,,https://product-images.metro.ca/images/h67/hcf/12263398801438.jpg,https://www.metro.ca/en/online-grocery/search-page-97
NEW YORK STYLE,Sea Salt Pita Chips,227 g,"$6.99
 ea.",,$3.08 /100g,,,https://product-images.metro.ca/images/hac/h8e/9530291814430.jpg,https://www.metro.ca/en/online-grocery/search-page-97
METROGO!,Fruit Salad,,"$15.99
 ea.",,$1.28 /100g,,,https://product-images.metro.ca/images/hb3/h58/8894172135454.jpg,https://www.metro.ca/en/online-grocery/search-page-97
TIM HORTONS,Decaf Ground Coffee,300 g,"$10.49
 ea.",,$3.50 /100g,,,https://product-images.metro.ca/images/hc6/h7d/11272658124830.jpg,https://www.metro.ca/en/online-grocery/search-page-97
TETLEY,Orange Pekoe Tea,144 un,"$11.49
 ea.",,$0.08 /un.,,,https://product-images.metro.ca/images/h80/hbb/9518907916318.jpg,https://www.metro.ca/en/online-grocery/search-page-97
IRRESISTIBLES,Matured Balsamic Vinegarof Modena,500 mL,"$5.99
 ea.",,$1.20 /100ml,,,https://product-images.metro.ca/images/h14/ha7/11521174929438.jpg,https://www.metro.ca/en/online-grocery/search-page-97
CEDAR,Coconut Milk,398 mL,"$2.19
 ea.",,$0.55 /100ml,"Regular price
$2.69  ea.","Valid until Jan 24, 2024",https://product-images.metro.ca/images/he1/h74/8896957546526.jpg,https://www.metro.ca/en/online-grocery/search-page-97
PLAISIRS GASTRONOMIQUES,Five Vegetable Couscous Salad,300 g,"$6.99
 ea.",,$2.33 /100g,,,https://product-images.metro.ca/images/hd0/h0e/9529743409182.jpg,https://www.metro.ca/en/online-grocery/search-page-97
TIM HORTONS,"Coffee T Discs, Tassimo",14 un,"$11.29
 ea.",,$0.81 /un.,,,,https://www.metro.ca/en/online-grocery/search-page-97
ST-HUBERT,Mushroom Gravy Mix,21 g,"3 / 
$5.00",,$7.94 /100g,"Regular price
$2.39  ea.","Valid until Jan 10, 2024",https://product-images.metro.ca/images/h44/h1d/10170604355614.jpg,https://www.metro.ca/en/online-grocery/search-page-97
KELLOGG'S,"Honey, Oat & Flax Seven Grain With Quinoa Crunchy Ba...","10 bars, 200 g","$5.29
 ea.",,$2.65 /100g,,,,https://www.metro.ca/en/online-grocery/search-page-97
JELL-O,Vanilla Instant Pudding,102 g,"$1.99
 ea.",,$1.95 /100g,,,https://product-images.metro.ca/images/h61/hae/9986840133662.jpg,https://www.metro.ca/en/online-grocery/search-page-97
IRRESISTIBLES,"Chorizo Dried Sausage, Artisan",300 g,"2 / 
$19.99",,or $11.49 ea. $3.33 /100g,,"Valid until Jan 10, 2024",,https://www.metro.ca/en/online-grocery/search-page-97
SELECTION,Light Smooth Peanut Butter,500 g,"$3.49
 ea.",,$0.70 /100g,"Regular price
$4.49  ea.","Valid until Feb 7, 2024",https://product-images.metro.ca/images/h42/hec/9519118745630.jpg,https://www.metro.ca/en/online-grocery/search-page-97
CEDAR,Sweetened Condensed Milk,300 mL,"$3.99
 ea.",,$1.33 /100ml,,,https://product-images.metro.ca/images/hf1/hb8/8846732427294.jpg,https://www.metro.ca/en/online-grocery/search-page-97
IRRESISTIBLES,"Fine Herbs Goat'S Milk Cheese, Artisan",250 g,"$10.99
 ea.",,$4.40 /100g,,,,https://www.metro.ca/en/online-grocery/search-page-98
GOGO SQUEEZ,Apple And Berries Sauce Pouches,4x90 g,"$4.99
 ea.",,$1.39 /100g,,,https://product-images.metro.ca/images/h81/h4b/10695653130270.jpg,https://www.metro.ca/en/online-grocery/search-page-98
QUAKER,"Dill Flavoured Brown Rice Chips, Crispy Minis",100 g,"$3.99
 ea.",,$3.99 /100g,,,,https://www.metro.ca/en/online-grocery/search-page-98
BLACK DIAMOND,Lactose Free Marble Cheddar Cheese,400 g,"$6.99
 ea.",,$1.75 /100g,"Regular price
$7.49  ea.","Valid until Feb 14, 2024",https://product-images.metro.ca/images/h42/h22/10715340374046.jpg,https://www.metro.ca/en/online-grocery/search-page-98
GREYSTONE PARK,Australian Red Wine,750 mL,"$12.99
 ea.",,$1.73 /100ml,,,https://product-images.metro.ca/images/h01/h27/10529509310494.jpg,https://www.metro.ca/en/online-grocery/search-page-98
NATUR-A,Chocolate Flavoured Organic Fortified Soy Beverage,1.89 L,"$4.99
 ea.",,$0.26 /100ml,,,https://product-images.metro.ca/images/h93/h34/11574076047390.jpg,https://www.metro.ca/en/online-grocery/search-page-98
METROGO!,Healthy Fruit Platter,,"$9.99
 ea.",,$1.48 /100g,,,https://product-images.metro.ca/images/h23/h6f/8837315592222.jpg,https://www.metro.ca/en/online-grocery/search-page-98
SELECTION,Garlic And Herb Cream Cheese,227 g,"$3.49
 ea.",,$1.54 /100g,"Regular price
$3.99  ea.","Valid until Feb 14, 2024",https://product-images.metro.ca/images/ha3/h70/10904139268126.jpg,https://www.metro.ca/en/online-grocery/search-page-98
SELECTION,Three Peppercorn Sauce,284 mL,"$2.19
 ea.",,$0.77 /100ml,,,https://product-images.metro.ca/images/h4a/hca/11198070652958.jpg,https://www.metro.ca/en/online-grocery/search-page-98
RED PRINCE,Apple,,"$1.05
 avg. ea.",(160 g avg.),$6.59 /kg$2.99 /lb.,,,https://product-images.metro.ca/images/h11/hae/8910218133534.jpg,https://www.metro.ca/en/online-grocery/search-page-98
MONTELLIER,Carbonated Natural Spring Water,6x1 L,"$6.99
 ea.",,$0.12 /100ml,,,https://product-images.metro.ca/images/h31/h37/11535831302174.jpg,https://www.metro.ca/en/online-grocery/search-page-98
CATELLI,"Fusilli, Smart",375 g,"$3.99
 ea.",,$1.06 /100g,,,,https://www.metro.ca/en/online-grocery/search-page-98
GLACÉAU VITAMINWATER,Focus Kiwi Strawberry Nutrient Enhanced Water Beverage,591 mL,"3 / 
$6.00",,$0.34 /100ml,"Regular price
$3.29  ea.","Valid until Feb 7, 2024",https://product-images.metro.ca/images/h88/hb2/10495635128350.jpg,https://www.metro.ca/en/online-grocery/search-page-98
CATCH OF THE DAY,Frozen Boned Sole Fillets,800 g,"$17.99
 ea.",,$2.25 /100g,,,https://product-images.metro.ca/images/h6f/h03/12174966456350.jpg,https://www.metro.ca/en/online-grocery/search-page-98
PALMOLIVE,"Lavender And Lime Ultra Concentrated Dish Soap, Ultra",591 mL,"$2.99
 ea.",,$0.51 /100ml,"Regular price
$3.99  ea.","Valid until Feb 7, 2024",,https://www.metro.ca/en/online-grocery/search-page-98
MINUTE MAID,Frozen Concentrated Mango Punch,295 mL,"$1.99
 ea.",,$0.67 /100ml,,,https://product-images.metro.ca/images/h32/hb1/10495694536734.jpg,https://www.metro.ca/en/online-grocery/search-page-98
METROGO!,Chicken Spread Sandwich,,"$5.49
 ea.",,$2.39 /100g,,,https://product-images.metro.ca/images/h22/h78/8822760505374.jpg,https://www.metro.ca/en/online-grocery/search-page-98
SELECTION,Strawberry Cereal Bars,300 g,"$3.49
 ea.",,$1.16 /100g,,,https://product-images.metro.ca/images/hfe/h87/10212061413406.jpg,https://www.metro.ca/en/online-grocery/search-page-98
KRAFT DINNER,Macaroni And Cheese Spirals,175 g,"$2.69
 ea.",,$1.54 /100g,,,https://product-images.metro.ca/images/h41/h5d/12245498560542.jpg,https://www.metro.ca/en/online-grocery/search-page-98
TOBLERONE,Swiss Milk Chocolate With Honey And Almond Nougat,100 g,"$2.99
 ea.",,$2.99 /100g,"Regular price
$3.49  ea.","Valid until Jan 24, 2024",https://product-images.metro.ca/images/hb4/h69/12216217141278.jpg,https://www.metro.ca/en/online-grocery/search-page-98
ARCTIC GARDENS,Frozen Extra-Fine Green Beans,500 g,"$1.99
 ea.",,$0.40 /100g,"Regular price
$5.49  ea.","Valid until Jan 10, 2024",https://product-images.metro.ca/images/h3b/hd5/9870756839454.jpg,https://www.metro.ca/en/online-grocery/search-page-98
SELECTION,Raspberry Cereal Bars,300 g,"$3.49
 ea.",,$1.16 /100g,,,https://product-images.metro.ca/images/hff/h53/10239109595166.jpg,https://www.metro.ca/en/online-grocery/search-page-98
MINUTE MAID,Frozen Concentrated Orange Punch,295 mL,"$1.99
 ea.",,$0.67 /100ml,,,https://product-images.metro.ca/images/h8d/h65/10495690702878.jpg,https://www.metro.ca/en/online-grocery/search-page-98
PARIS PÂTÉ,Liver Paté,78 g,"$3.19
 ea.",,$4.09 /100g,,,https://product-images.metro.ca/images/h46/h54/11492990091294.jpg,https://www.metro.ca/en/online-grocery/search-page-98
METROGO!,Traditionally Smoked Boneless Pork Loin Slices,8 slices per tray,"$5.95
 avg. ea.",(300 g avg.),$19.82 /kg$8.99 /lb.,,,https://product-images.metro.ca/images/h77/h83/8893725311006.jpg,https://www.metro.ca/en/online-grocery/search-page-98
SELECTION,Medium Freezer Bags,20 un,"$2.49
 ea.",,$0.12 /un.,"Regular price
$3.49  ea.","Valid until Feb 7, 2024",https://product-images.metro.ca/images/h93/he4/10090917920798.jpg,https://www.metro.ca/en/online-grocery/search-page-98
TIC TAC,Orange Flavoured Mints,29 g,"$1.99
 ea.",,$6.86 /100g,,,https://product-images.metro.ca/images/h82/hbd/9652890566686.jpg,https://www.metro.ca/en/online-grocery/search-page-98
BUSH'S BEST,Maple Style Gluten Free Canned Baked Beans,398 mL,"$2.99
 ea.",,$0.75 /100ml,,,https://product-images.metro.ca/images/hb9/hf4/11816913174558.jpg,https://www.metro.ca/en/online-grocery/search-page-98
BOLTHOUSE FARMS,"Green Goodness® Fruit Juice Smoothie, Value Pack",1.54 L,"$8.99
 ea.",,$0.58 /100ml,,,https://product-images.metro.ca/images/h27/he9/11477925134366.jpg,https://www.metro.ca/en/online-grocery/search-page-98
LAFLEUR,Bologna,675 g,"$7.99
 ea.",,$1.18 /100g,,,https://product-images.metro.ca/images/h90/h55/9999245606942.jpg,https://www.metro.ca/en/online-grocery/search-page-98
FANCY FEAST,"Liver And Chicken Wet Cat Food, Pâté",85 g,"$1.49
 ea.",,$1.75 /100g,,,,https://www.metro.ca/en/online-grocery/search-page-99
BIOVERT,Organic Green Apple Scented Liquid Dish Soap,700 ml,"$3.69
 ea.",,$0.53 /100ml,,,https://product-images.metro.ca/images/hcd/h41/9836155273246.jpg,https://www.metro.ca/en/online-grocery/search-page-99
SELECTION,Chewy Chocolate Chip Granola Bars,5 bars,"$2.99
 ea.",,$1.92 /100g,,,https://product-images.metro.ca/images/h12/hc9/10390703407134.jpg,https://www.metro.ca/en/online-grocery/search-page-99
ORVILLE REDENBACHER,"Light Buttery Flavoured Popping Corn, Gourmet",456 g,"$5.49
 ea.",,$1.20 /100g,"Regular price
$6.99  ea.","Valid until Jan 24, 2024",,https://www.metro.ca/en/online-grocery/search-page-99
ALIMENTS 2000,Frozen Pizza Dough,900 g,"$5.99
 ea.",,$0.67 /100g,"Regular price
$6.79  ea.","Valid until Jan 17, 2024",https://product-images.metro.ca/images/h25/hb3/11570798198814.jpg,https://www.metro.ca/en/online-grocery/search-page-99
SELECTION,Raspberry Jelly Powder,85 g,"$0.99
 ea.",,$1.16 /100g,,,https://product-images.metro.ca/images/h3d/h61/8845473808414.jpg,https://www.metro.ca/en/online-grocery/search-page-99
LINDT,"Hazelnut Milk Chocolate Bar, Swiss Classic",300 g,"$9.99
 ea.",,$3.33 /100g,,,,https://www.metro.ca/en/online-grocery/search-page-99
KELLOGG'S,"Blueberry Flavoured Fruit Crisps, Special K","10 bars, 125 g","$2.99
 ea.",,$2.39 /100g,"Regular price
$4.49  ea.","Valid until Jan 10, 2024",,https://www.metro.ca/en/online-grocery/search-page-99
SCHNEIDERS,Gluten Free Cooked Turkey Breast,,"$4.89
 / 100 g",,$48.90 /kg$22.18 /lb.,,,https://product-images.metro.ca/images/h5b/h1d/9225513664542.jpg,https://www.metro.ca/en/online-grocery/search-page-99
GASPÉSIEN,Super Premium Bologna,200 g,"$6.29
 ea.",,$3.15 /100g,,,https://product-images.metro.ca/images/ha9/h49/11449512558622.jpg,https://www.metro.ca/en/online-grocery/search-page-99
FIVE ROSES,Whole Wheat Specialty Flour,2.5 kg,"$6.49
 ea.",,$0.26 /100g,"Regular price
$7.49  ea.","Valid until Feb 7, 2024",https://product-images.metro.ca/images/h05/h86/10938836353054.jpg,https://www.metro.ca/en/online-grocery/search-page-99
COCA-COLA,Soft Drink,6x237 mL,"$6.99
 ea.",,$0.49 /100ml,"Regular price
$7.99  ea.","Valid until Jan 24, 2024",https://product-images.metro.ca/images/hb7/h6e/10495657279518.jpg,https://www.metro.ca/en/online-grocery/search-page-99
SELECTION,Evaporated Milk,354 mL,"$1.99
 ea.",,$0.56 /100ml,"Regular price
$2.49  ea.","Valid until Feb 7, 2024",https://product-images.metro.ca/images/hb3/h8b/11642908704798.jpg,https://www.metro.ca/en/online-grocery/search-page-99
CLOVER LEAF,"Crab Flavoured Pollock Sticks, Crab Delectables",227 g,"$4.99
 ea.",,$2.20 /100g,"Regular price
$5.49  ea.","Valid until Jan 17, 2024",,https://www.metro.ca/en/online-grocery/search-page-99
SELECTION,Regular Chips,454 g,"$3.49
 ea.",,$0.77 /100g,,,https://product-images.metro.ca/images/h3f/hee/10200560173086.jpg,https://www.metro.ca/en/online-grocery/search-page-99
OLD EL PASO,"Medium Salsa, Thick N' Chunky",650 mL,"$5.79
 ea.",,$0.89 /100ml,,,,https://www.metro.ca/en/online-grocery/search-page-99
LAFLEUR,Maple Flavoured Bacon,500 g,"$9.49
 ea.",,$1.90 /100g,,,https://product-images.metro.ca/images/h20/h6a/9751053107230.jpg,https://www.metro.ca/en/online-grocery/search-page-99
DR. OETKER,"Frozen Pepperoni Thin Crust Pizza, Giuseppe",480 g,"$9.39
 ea.",,$1.96 /100g,,,,https://www.metro.ca/en/online-grocery/search-page-99
SELECTION,Italian Seasoning,35 g,"$1.99
 ea.",,$5.69 /100g,,,https://product-images.metro.ca/images/h43/h37/9096946450462.jpg,https://www.metro.ca/en/online-grocery/search-page-99
BÙ,Italian Rosé Wine,750 mL,"$17.29
 ea.",,$2.31 /100ml,,,https://product-images.metro.ca/images/h66/hd0/10529558757406.jpg,https://www.metro.ca/en/online-grocery/search-page-99
BETTY CROCKER,Butter And Herb Instant Mashed Potatoes,215 g,"$3.99
 ea.",,$1.86 /100g,,,https://product-images.metro.ca/images/h9f/hd9/9882973896734.jpg,https://www.metro.ca/en/online-grocery/search-page-99
KICKING HORSE,Organic 454 Horse Power Coffee Beans,454 g,"$13.99
 ea.",,$3.08 /100g,"Regular price
$18.99  ea.","Valid until Feb 7, 2024",https://product-images.metro.ca/images/had/hed/12210137169950.jpg,https://www.metro.ca/en/online-grocery/search-page-99
PRIMO,Scoobi Doo Pasta,900 g,"$2.99
 ea.",,$0.33 /100g,"Regular price
$3.79  ea.","Valid until Jan 24, 2024",https://product-images.metro.ca/images/h78/h1f/11511552311326.jpg,https://www.metro.ca/en/online-grocery/search-page-99
LECLERC,"Dark Chocolate Chip & Cranberry Cookies, Praeventia",210 g,"$3.69
 ea.",,$1.76 /100g,"Regular price
$4.99  ea.","Valid until Jan 24, 2024",,https://www.metro.ca/en/online-grocery/search-page-99
MR. CLEAN,Magic Eraser Cleaning Pads,2 un,"$3.99
 ea.",,$2.00 /un.,,,https://product-images.metro.ca/images/h38/hc6/9518129971230.jpg,https://www.metro.ca/en/online-grocery/search-page-99
LA PARISIENNE,Winter Fresh Cold Water Liquid Laundry Detergent,38 loads-1.52 L,"$6.79
 ea.",,$0.18 /load,,,https://product-images.metro.ca/images/h7d/h02/8808995291166.jpg,https://www.metro.ca/en/online-grocery/search-page-99
,Fresh Beef Livers,2 livers per tray,"$3.96
 avg. ea.",(400 g avg.),$9.90 /kg$4.49 /lb.,,,https://product-images.metro.ca/images/h96/hd8/9233896767518.jpg,https://www.metro.ca/en/online-grocery/search-page-99
SARA LEE,"Mini Chocolate Chip Muffins, Little Bites",234 g,"2 / 
$8.00",,or $5.29 ea. $1.71 /100g,,"Valid until Feb 7, 2024",,https://www.metro.ca/en/online-grocery/search-page-99
M'LORD,Sliced Water Chestnuts,227 mL,"$1.99
 ea.",,$0.88 /100ml,"Regular price
$2.29  ea.","Valid until Jan 24, 2024",https://product-images.metro.ca/images/h39/h73/11307084840990.jpg,https://www.metro.ca/en/online-grocery/search-page-99
VH,Sweet Thai Chili Dipping Sauce,341 mL,"2 / 
$8.00",,$1.17 /100ml,"Regular price
$4.99  ea.","Valid until Jan 24, 2024",https://product-images.metro.ca/images/h29/hee/9518914404382.jpg,https://www.metro.ca/en/online-grocery/search-page-99
TEMPTATIONS,"Chicken Flavoured Cat Treats, Mega-Pack",180 g,"$3.79
 ea.",,$2.11 /100g,"Regular price
$4.79  ea.","Valid until Jan 24, 2024",,https://www.metro.ca/en/online-grocery/search-page-100
SELECTION,Fruit Punch Beverage,2 L,"$2.69
 ea.",,$0.13 /100ml,,,https://product-images.metro.ca/images/h7f/hc6/11521012826142.jpg,https://www.metro.ca/en/online-grocery/search-page-100
CANADA DRY,Tonic Water,12x355 mL,"$6.98
 ea.",,$0.16 /100ml,"Regular price
$7.99  ea.","Valid until Jan 10, 2024",https://product-images.metro.ca/images/hc2/h09/12018718277662.jpg,https://www.metro.ca/en/online-grocery/search-page-100
CHIPS AHOY!,Chocolate Chip Cookie Ice Cream Sandwiches,4x125 mL,"$5.99
 ea.",,$1.20 /100ml,"Regular price
$8.79  ea.","Valid until Jan 24, 2024",https://product-images.metro.ca/images/h9e/h70/10319504441374.jpg,https://www.metro.ca/en/online-grocery/search-page-100
AGROPUR SIGNATURE,Notre-Dame Brie Cheese,170 g,"$8.00
 ea.",,$4.71 /100g,"Regular price
$8.29  ea.","Valid until Jan 10, 2024",https://product-images.metro.ca/images/hc4/h1f/9234555961374.jpg,https://www.metro.ca/en/online-grocery/search-page-100
KELLOGG'S,"Maple Raisin Nut Flavoured Cereal, Müslix",450 g,"$4.49
 ea.",,$1.00 /100g,"Regular price
$5.99  ea.","Valid until Jan 10, 2024",,https://www.metro.ca/en/online-grocery/search-page-100
PASTENE,Tomato Paste Without Added Salt,369 mL,"$2.99
 ea.",,$0.81 /100ml,,,https://product-images.metro.ca/images/h85/h78/10509542031390.jpg,https://www.metro.ca/en/online-grocery/search-page-100
ZIPLOC,Sandwich Bags,180 un,"$8.99
 ea.",,$0.05 /un.,,,https://product-images.metro.ca/images/h47/h79/10788878516254.jpg,https://www.metro.ca/en/online-grocery/search-page-100
HERSHEY'S,"Skor® Toffee Bits, Chipits",200 g,"$4.29
 ea.",,$2.15 /100g,"Regular price
$4.79  ea.","Valid until Feb 7, 2024",,https://www.metro.ca/en/online-grocery/search-page-100
SELECTION,Tall Kitchen Garbage Bags,30 un,"$4.29
 ea.",,$0.14 /un.,,,https://product-images.metro.ca/images/h35/ha8/8809785131038.jpg,https://www.metro.ca/en/online-grocery/search-page-100
,"Frozen Pork Hocks, Value Pack",4 hocks per tray,"$13.84
 avg. ea.","(2,100 g avg.)",$6.59 /kg$2.99 /lb.,"Regular price
$7.69  avg. kg","Valid until Jan 17, 2024",https://product-images.metro.ca/images/hb6/h34/8886380134430.jpg,https://www.metro.ca/en/online-grocery/search-page-100
FANCY FEAST,Beef Wet Cat Food Pâté,85 g,"$1.49
 ea.",,$1.75 /100g,,,https://product-images.metro.ca/images/h18/h9a/11492914429982.jpg,https://www.metro.ca/en/online-grocery/search-page-100
FRUITÉ,Peach Beverage,2 L,"2 / 
$6.00",,$0.15 /100ml,"Regular price
$3.59  ea.","Valid until Jan 10, 2024",https://product-images.metro.ca/images/h53/h96/11311438856222.jpg,https://www.metro.ca/en/online-grocery/search-page-100
SELECTION,Sesame Seeds,120 g,"$2.49
 ea.",,$2.07 /100g,,,https://product-images.metro.ca/images/h5f/h3e/9096938946590.jpg,https://www.metro.ca/en/online-grocery/search-page-100
KOZY SHACK,Gluten Free Tapioca Pudding,624 g,"$4.49
 ea.",,$0.72 /100g,,,https://product-images.metro.ca/images/h59/hbe/8930385723422.jpg,https://www.metro.ca/en/online-grocery/search-page-100
SELECTION,Reduced Salt Beef Bouillon Concentrate,250 mL,"$4.79
 ea.",,$1.92 /100ml,,,https://product-images.metro.ca/images/hfa/h7e/8848006447134.jpg,https://www.metro.ca/en/online-grocery/search-page-100
SPRITE,Zero Calorie Diet Soft Drink,12x355 mL,"$6.98
 ea.",,$0.16 /100ml,"Regular price
$7.99  ea.","Valid until Jan 10, 2024",https://product-images.metro.ca/images/h01/h40/11994722336798.jpg,https://www.metro.ca/en/online-grocery/search-page-100
BEATRICE,1% Milk,1 L,"$2.08
 ea.",,$0.21 /100ml,,,https://product-images.metro.ca/images/h59/hbb/12230518407198.jpg,https://www.metro.ca/en/online-grocery/search-page-100
CLASSICO,"Sun-Dried Tomato Pesto, Di Sardegna",218 mL,"$5.99
 ea.",,$2.75 /100ml,,,,https://www.metro.ca/en/online-grocery/search-page-100
KINDER BUENO,Milk Chocolate Covered Wafers With Milky Hazelnut Fi...,43 g,"$1.99
 ea.",,$4.63 /100g,,,,https://www.metro.ca/en/online-grocery/search-page-100
SELECTION,Medium Extra Chunky Salsa,650 mL,"$4.99
 ea.",,$0.77 /100ml,,,https://product-images.metro.ca/images/h07/h6e/9478017613854.jpg,https://www.metro.ca/en/online-grocery/search-page-100
SELECTION,Field Berry Juice From Concentrate,1 L,"$1.49
 ea.",,$0.15 /100ml,"Regular price
$1.89  ea.","Valid until Jan 24, 2024",https://product-images.metro.ca/images/h8e/h9d/11351640473630.jpg,https://www.metro.ca/en/online-grocery/search-page-100
PILLSBURY,Reduced Fat Crescents Dough,227 g,"2 / 
$5.00",,$1.10 /100g,"Regular price
$3.29  ea.","Valid until Jan 10, 2024",https://product-images.metro.ca/images/hf8/ha6/11401277440030.jpg,https://www.metro.ca/en/online-grocery/search-page-100
CATELLI,"Lasagna Pasta, Smart",375 g,"$4.69
 ea.",,$1.25 /100g,,,,https://www.metro.ca/en/online-grocery/search-page-100
COUNTRY HARVEST,14 Grains Sliced Bread,600 g,"$5.49
 ea.",,$0.92 /100g,,,https://product-images.metro.ca/images/hc8/h00/10399727976478.jpg,https://www.metro.ca/en/online-grocery/search-page-100
SELECTION,Frozen Diced Butternut Squash,750 g,"$3.49
 ea.",,$0.47 /100g,"Regular price
$4.49  ea.","Valid until Jan 10, 2024",https://product-images.metro.ca/images/h55/hee/9836449005598.jpg,https://www.metro.ca/en/online-grocery/search-page-100
SELECTION,Thyme Leaves,40 g,"$1.99
 ea.",,$4.98 /100g,,,https://product-images.metro.ca/images/hc6/haf/9096944615454.jpg,https://www.metro.ca/en/online-grocery/search-page-100
,Grain-Fed Veal Leg Cutlets,2 escalopes per tray,"$7.49
 avg. ea.",(200 g avg.),$37.46 /kg$16.99 /lb.,,,https://product-images.metro.ca/images/hbb/hee/9279484100638.jpg,https://www.metro.ca/en/online-grocery/search-page-100
BROME LAKE DUCKS,Duck Legs Confit,330 g,"$19.99
 ea.",,$6.06 /100g,,,https://product-images.metro.ca/images/hc2/h4f/9246673240094.jpg,https://www.metro.ca/en/online-grocery/search-page-100
,Homemade Cheese Bread,530 g,"$6.99
 ea.",,$1.32 /100g,,,https://product-images.metro.ca/images/hae/h22/9047103897630.jpg,https://www.metro.ca/en/online-grocery/search-page-100
METROGO!,Oka Cheese And Chicken Spread Snack,240 g,"$5.49
 ea.",,$2.29 /100g,,,https://product-images.metro.ca/images/h41/hf3/11926703669278.jpg,https://www.metro.ca/en/online-grocery/search-page-101
DARE,"Sea Salt Cracker Chips, Veggie Crisps",100 g,"$4.19
 ea.",,$4.19 /100g,,,,https://www.metro.ca/en/online-grocery/search-page-101
MOTT'S,"Assorted Fruit & Veggie Flavoured Snacks, Fruitsations",226 g,"2 / 
$7.00",,$1.55 /100g,"Regular price
$4.99  ea.","Valid until Feb 7, 2024",,https://www.metro.ca/en/online-grocery/search-page-101
MACLAREN'S IMPERIAL,Sharp Cold Pack Cheddar Cheese Product,230 g,"$8.49
 ea.",,$3.69 /100g,,,https://product-images.metro.ca/images/hcf/h03/9986806644766.jpg,https://www.metro.ca/en/online-grocery/search-page-101
METROGO!,Dunn'S Smoked Meat Macaroni And Cheese,,"$8.09
 avg. ea.",(325 g avg.),$24.90 /kg$11.29 /lb.,,,https://product-images.metro.ca/images/h20/h01/11926660612126.jpg,https://www.metro.ca/en/online-grocery/search-page-101
THAI KITCHEN,Authentic Red Curry Paste,112 g,"$6.29
 ea.",,$5.62 /100g,,,https://product-images.metro.ca/images/h29/h4b/10170570670110.jpg,https://www.metro.ca/en/online-grocery/search-page-101
IRRESISTIBLES,Butter Fudge Muffins,"4 muffins, 400 g","$6.49
 ea.",,$1.62 /100g,,"Valid until Jan 10, 2024",https://product-images.metro.ca/images/h10/h06/8860061499422.jpg,https://www.metro.ca/en/online-grocery/search-page-101
KNORR,"Sour Cream And Chives Pasta, Sidekicks",120 g,"3 / 
$7.00",,$1.94 /100g,"Regular price
$2.79  ea.","Valid until Jan 24, 2024",,https://www.metro.ca/en/online-grocery/search-page-101
IRRESISTIBLES,Fresh Fettuccine,350 g,"$3.99
 ea.",,$1.14 /100g,,,https://product-images.metro.ca/images/hea/h80/11307045421086.jpg,https://www.metro.ca/en/online-grocery/search-page-101
,"Trimmed Boneless Pork Chops, Center Cut, Value Pack",6 chops per tray,"$11.87
 avg. ea.",(700 g avg.),$16.95 /kg$7.69 /lb.,,,https://product-images.metro.ca/images/he1/h1f/8886451568670.jpg,https://www.metro.ca/en/online-grocery/search-page-101
BÙ,"French Rosé Wine, Gris De Grenache",750 mL,"$17.29
 ea.",,$2.31 /100ml,,,,https://www.metro.ca/en/online-grocery/search-page-101
SWANSON,Salisbury Steak,345 g,"$4.99
 ea.",,$1.45 /100g,"Regular price
$5.49  ea.","Valid until Feb 14, 2024",https://product-images.metro.ca/images/h10/h51/11829769699358.jpg,https://www.metro.ca/en/online-grocery/search-page-101
IRRESISTIBLES,Frozen Shepherd'S Pie,800 g,"$12.99
 ea.",,$1.62 /100g,,,https://product-images.metro.ca/images/hff/ha9/10405055299614.jpg,https://www.metro.ca/en/online-grocery/search-page-101
WHEAT THINS,Spinach And Roasted Garlic Wheat Crackers,175 g,"$3.49
 ea.",,$1.99 /100g,"Regular price
$4.19  ea.","Valid until Jan 24, 2024",https://product-images.metro.ca/images/h25/h6a/9526408708126.jpg,https://www.metro.ca/en/online-grocery/search-page-101
LESTERS,Original Pepperoni,225 g,"$4.49
 ea.",,$2.00 /100g,"Regular price
$4.99  ea.","Valid until Jan 17, 2024",https://product-images.metro.ca/images/hd4/h78/10518808133662.jpg,https://www.metro.ca/en/online-grocery/search-page-101
SELECTION,Blanched Slivered Almonds,100 g,"$4.19
 ea.",,$4.19 /100g,,,https://product-images.metro.ca/images/h2c/hdc/10715238137886.jpg,https://www.metro.ca/en/online-grocery/search-page-101
PLAISIRS GASTRONOMIQUES,Beet & Apple Salad,375g,"$6.99
 ea.",,$1.86 /100g,,,https://product-images.metro.ca/images/h1e/haa/11816798945310.jpg,https://www.metro.ca/en/online-grocery/search-page-101
PASTENE,Italian Tomatoes With Basil Leaf,796 mL,"$3.99
 ea.",,$0.50 /100ml,,,https://product-images.metro.ca/images/h6b/h2e/11161696567326.jpg,https://www.metro.ca/en/online-grocery/search-page-101
IÖGO,"1% Peach Flavoured Drinkable Yogurt, Nanö",6x93 mL,"$5.79
 ea.",,$1.04 /100ml,,,,https://www.metro.ca/en/online-grocery/search-page-101
SELECTION,Crushed Pineapple In Pineapple Juice,540 mL,"$2.29
 ea.",,$0.42 /100ml,"Regular price
$2.69  ea.","Valid until Feb 7, 2024",https://product-images.metro.ca/images/he2/hf1/9858087911454.jpg,https://www.metro.ca/en/online-grocery/search-page-101
PINE-SOL,Lavender Scented Multi-Surface Cleaner,1.41 L,"$6.79
 ea.",,$0.48 /100ml,,,https://product-images.metro.ca/images/h09/ha9/11937032667166.jpg,https://www.metro.ca/en/online-grocery/search-page-101
MINUTE RICE,Pre-Cooked Long Grain White Rice,350 g,"$4.19
 ea.",,$1.20 /100g,,,https://product-images.metro.ca/images/hc2/h2d/9518606942238.jpg,https://www.metro.ca/en/online-grocery/search-page-101
DEL MONTE,Cut Wax Beans,398 mL,"$2.99
 ea.",,$0.75 /100ml,,,https://product-images.metro.ca/images/h90/hed/10365170450462.jpg,https://www.metro.ca/en/online-grocery/search-page-101
REDPATH,Turbinado Sugar Cubes,500 g,"$4.99
 ea.",,$1.00 /100g,,,https://product-images.metro.ca/images/h86/hb8/10518322872350.jpg,https://www.metro.ca/en/online-grocery/search-page-101
HIGH LINER,Frozen English Style Fish Fillets In Batter,500 g,"$8.99
 ea.",,$1.80 /100g,"Regular price
$12.99  ea.","Valid until Jan 17, 2024",https://product-images.metro.ca/images/h29/h16/11188434141214.jpg,https://www.metro.ca/en/online-grocery/search-page-101
ARCTIC POWER,Waterfall Fresh® Liquid Laundry Detergent,5.63 L,"$15.49
 ea.",,$0.12 /load,,,https://product-images.metro.ca/images/h70/h4d/11351676715038.jpg,https://www.metro.ca/en/online-grocery/search-page-101
SUN-MAID,Natural California Raisins,375 g,"$5.29
 ea.",,$1.41 /100g,,,https://product-images.metro.ca/images/h80/hcc/12122153418782.jpg,https://www.metro.ca/en/online-grocery/search-page-101
FONTAINE SANTÉ,Tofu Spread,430 g,"$6.99
 ea.",,$1.63 /100g,"Regular price
$7.99  ea.","Valid until Jan 10, 2024",https://product-images.metro.ca/images/h91/h82/9532859121694.jpg,https://www.metro.ca/en/online-grocery/search-page-101
PRINGLES,Lightly Salted Potato Chips,148 g,"$3.99
 ea.",,$2.70 /100g,,,https://product-images.metro.ca/images/h9d/h08/10822809485342.jpg,https://www.metro.ca/en/online-grocery/search-page-101
MOTT'S,"Unsweetened Apple And Peach Sauce, Fruitsations",6x111 g,"$3.49
 ea.",,$0.52 /100g,,,,https://www.metro.ca/en/online-grocery/search-page-101
PREMIÈRE MOISSON,Meat Pasta Sauce,700 mL,"$11.99
 ea.",,$1.71 /100ml,"Regular price
$13.29  ea.","Valid until Jan 10, 2024",https://product-images.metro.ca/images/hc1/h57/11816798584862.jpg,https://www.metro.ca/en/online-grocery/search-page-102
CHRISTOPHE DALBRAY,"Quebec Red Wine, Cuvée Signature",4 L,"$42.99
 ea.",,$1.07 /100ml,,,,https://www.metro.ca/en/online-grocery/search-page-102
KNORR,Turkey Roast Gravy Mix,1 un,"$2.49
 ea.",,$2.49 /un.,,,https://product-images.metro.ca/images/h08/hf8/11397228953630.jpg,https://www.metro.ca/en/online-grocery/search-page-102
HIGH LINER,"Frozen Uncooked Wild Pacific Sole, Market Cuts",227 g,"2 / 
$10.00",,or $6.99 ea. $2.20 /100g,"Regular price
$9.99  ea.","Valid until Jan 10, 2024",,https://www.metro.ca/en/online-grocery/search-page-102
PEPPERIDGE FARM,"Pretzel Baked Crackers, Goldfish",227 g,"$3.49
 ea.",,$1.54 /100g,"Regular price
$4.19  ea.","Valid until Jan 10, 2024",,https://www.metro.ca/en/online-grocery/search-page-102
KELLOGG'S,"Vanilla Almond Cereal, Special K",355 g,"$4.49
 ea.",,$1.26 /100g,"Regular price
$7.29  ea.","Valid until Jan 10, 2024",,https://www.metro.ca/en/online-grocery/search-page-102
VACHON,"Caramel And Strawberry Flavoured Shortcake, Ah Caramel",12 un,"3 / 
$10.97",,or $4.99 ea. $0.30 /un.,"Regular price
$5.29  ea.","Valid until Jan 10, 2024",,https://www.metro.ca/en/online-grocery/search-page-102
PILLSBURY,"Cinnamon Rolls Dough And Icing, Grands!",496 g,"$4.29
 ea.",,$0.86 /100g,"Regular price
$5.29  ea.","Valid until Feb 14, 2024",,https://www.metro.ca/en/online-grocery/search-page-102
MALIMOUSSE,Shrimp Spread,130 g,"$3.99
 ea.",,$3.07 /100g,"Regular price
$4.49  ea.","Valid until Jan 10, 2024",https://product-images.metro.ca/images/h7d/h81/8938651484190.jpg,https://www.metro.ca/en/online-grocery/search-page-102
PLANTERS,"Salted Peanuts, Cocktail",300 g,"$3.49
 ea.",,$1.16 /100g,,,,https://www.metro.ca/en/online-grocery/search-page-102
PASTENE,Diced Tomatoes Petite Cut,796 mL,"$3.69
 ea.",,$0.46 /100ml,,,https://product-images.metro.ca/images/hcf/hb5/11679654379550.jpg,https://www.metro.ca/en/online-grocery/search-page-102
TIM HORTONS,"Original Blend K-Cup® Coffee Pods, Keurig",12 un,"$12.29
 ea.",,$1.02 /un.,,,,https://www.metro.ca/en/online-grocery/search-page-102
NABOB,"Extra Large Breakfast Coffee T Discs, Tassimo",14 un,"$10.49
 ea.",,$0.75 /un.,,,,https://www.metro.ca/en/online-grocery/search-page-102
DELVERDE,Fusilli N°29,450 g,"2 / 
$5.00",,$0.56 /100g,"Regular price
$3.99  ea.","Valid until Jan 24, 2024",https://product-images.metro.ca/images/h29/h04/9530105528350.jpg,https://www.metro.ca/en/online-grocery/search-page-102
IRRESISTIBLES,Frozen Chicken Pad Thai,275 g,"$3.29
 ea.",,$1.20 /100g,,,https://product-images.metro.ca/images/h26/h9f/8946269356062.jpg,https://www.metro.ca/en/online-grocery/search-page-102
LECLERC,"Brownie Muffin Bars, Muffin Max",223 g,"$1.77
 ea.",,$0.79 /100g,"Regular price
$3.79  ea.","Valid until Jan 10, 2024",,https://www.metro.ca/en/online-grocery/search-page-102
THE LAUGHING COW,Processed Cheese Spread,24x16.7 g,"$9.99
 ea.",,$2.50 /100g,,,https://product-images.metro.ca/images/h6a/h16/11761472831518.jpg,https://www.metro.ca/en/online-grocery/search-page-102
BISTO,Rich Brown Gravy Mix,227 g,"$5.29
 ea.",,$2.33 /100g,,,https://product-images.metro.ca/images/hb9/h2d/11614468833310.jpg,https://www.metro.ca/en/online-grocery/search-page-102
SELECTION,Rotini Pasta,900 g,"$1.47
 ea.",,$0.16 /100g,"Regular price
$2.99  ea.","Valid until Jan 10, 2024",https://product-images.metro.ca/images/hc0/h53/10402324578334.jpg,https://www.metro.ca/en/online-grocery/search-page-102
KICKING HORSE,Organic Dark Coffee Beans,454 g,"$13.99
 ea.",,$3.08 /100g,"Regular price
$18.99  ea.","Valid until Feb 7, 2024",https://product-images.metro.ca/images/hfc/hc5/11665414488094.jpg,https://www.metro.ca/en/online-grocery/search-page-102
MAGNUM,Chocolate Coated Double Caramel Flavoured Ice Cream ...,3x90 mL,"$7.99
 ea.",,$2.96 /100ml,,,,https://www.metro.ca/en/online-grocery/search-page-102
KNORR,"White Cheddar And Broccoli Pasta, Sidekicks",143 g,"3 / 
$7.00",,$1.63 /100g,"Regular price
$2.79  ea.","Valid until Jan 24, 2024",,https://www.metro.ca/en/online-grocery/search-page-102
BEATRICE,3.25% Milk,1 L,"$2.27
 ea.",,$0.23 /100ml,,,https://product-images.metro.ca/images/h71/hf2/12230523977758.jpg,https://www.metro.ca/en/online-grocery/search-page-102
SELECTION,Peach Slices In Light Syrup,796 mL,"$3.49
 ea.",,$0.44 /100ml,"Regular price
$4.49  ea.","Valid until Feb 7, 2024",https://product-images.metro.ca/images/h61/h3c/11290736558110.jpg,https://www.metro.ca/en/online-grocery/search-page-102
SPITZ,Salted Sunflower Seeds,210 g,"$2.99
 ea.",,$1.42 /100g,,,https://product-images.metro.ca/images/h6a/h48/11386189742110.jpg,https://www.metro.ca/en/online-grocery/search-page-102
UNISOYA,Vegetables Tofu,454 g,"$3.99
 ea.",,$0.88 /100g,,,https://product-images.metro.ca/images/h8b/h3d/10946110849054.jpg,https://www.metro.ca/en/online-grocery/search-page-102
M&M'S,"Milk Chocolate Candy To Go, Minis",30 g,"$1.69
 ea.",,$5.63 /100g,,,,https://www.metro.ca/en/online-grocery/search-page-102
LECLERC,"Chocolate Coated Chocolate Chip Chewy Bars, Choco Max",175 g,"$1.77
 ea.",,$1.01 /100g,"Regular price
$3.79  ea.","Valid until Jan 10, 2024",,https://www.metro.ca/en/online-grocery/search-page-102
SELECTION,Mayonnaise,475 mL,"$3.49
 ea.",,$0.73 /100ml,,,https://product-images.metro.ca/images/hfa/h7b/10378952441886.jpg,https://www.metro.ca/en/online-grocery/search-page-102
THE LITTLE POTATO COMPANY,Creamer Potatoes With Herb Seasoning,454 g,"$4.99
 ea.",,$1.10 /100g,,,https://product-images.metro.ca/images/h23/h6b/11449523437598.jpg,https://www.metro.ca/en/online-grocery/search-page-102
SMUCKER'S,Strawberry Spread Without Added Sugar,310 mL,"$5.99
 ea.",,$1.93 /100ml,,,https://product-images.metro.ca/images/h94/h74/11307093557278.jpg,https://www.metro.ca/en/online-grocery/search-page-103
SELECTION,Instant Chicken Stock Mix,400 g,"$4.49
 ea.",,$1.12 /100g,,,https://product-images.metro.ca/images/h43/hd2/9518700363806.jpg,https://www.metro.ca/en/online-grocery/search-page-103
MELITTA,"Colombian Ground Coffee, Deluxe",652 g,"$13.99
 ea.",,$2.15 /100g,"Regular price
$14.99  ea.","Valid until Feb 7, 2024",,https://www.metro.ca/en/online-grocery/search-page-103
SELECTION,Basil Leaves,40 g,"$1.99
 ea.",,$4.98 /100g,,,https://product-images.metro.ca/images/h7f/haa/9020165586974.jpg,https://www.metro.ca/en/online-grocery/search-page-103
MALIMOUSSE,Smoked Salmon Spread,130 g,"$3.99
 ea.",,$3.07 /100g,"Regular price
$4.49  ea.","Valid until Jan 10, 2024",https://product-images.metro.ca/images/h6e/h21/8938648731678.jpg,https://www.metro.ca/en/online-grocery/search-page-103
LINDT,"White Chocolate Bar, Swiss Classic",100 g,"$3.49
 ea.",,$3.49 /100g,"Regular price
$3.99  ea.","Valid until Jan 24, 2024",,https://www.metro.ca/en/online-grocery/search-page-103
NESTLÉ,"Smarties® Frozen Dessert, Smarties",1.5 L,"$5.99
 ea.",,$0.40 /100ml,"Regular price
$7.99  ea.","Valid until Jan 24, 2024",,https://www.metro.ca/en/online-grocery/search-page-103
GUINNESS,"Irish Stout Beer, Draught",4x440 mL - cans,"2 / 
$23.98",,or $13.99 ea. $0.68 /100ml,,"Valid until Feb 7, 2024",,https://www.metro.ca/en/online-grocery/search-page-103
KELLOGG'S,"Frozen Original Waffles, Eggo",8x280 g,"$3.99
 ea.",,$1.42 /100g,"Regular price
$4.79  ea.","Valid until Feb 14, 2024",,https://www.metro.ca/en/online-grocery/search-page-103
MALIMOUSSE,Lobster Spread,130 g,"$3.99
 ea.",,$3.07 /100g,"Regular price
$4.49  ea.","Valid until Jan 10, 2024",https://product-images.metro.ca/images/h30/h38/8938653515806.jpg,https://www.metro.ca/en/online-grocery/search-page-103
IRRESISTIBLES,Frozen Jumbo Pacific White Shrimp Ring,600 g,"$20.00
 ea.",,$3.33 /100g,"Regular price
$22.99  ea.","Valid until Jan 17, 2024",https://product-images.metro.ca/images/h50/ha8/8990269046814.jpg,https://www.metro.ca/en/online-grocery/search-page-103
NATURE VALLEY,"Peanut Butter And Dark Chocolate Chewy Granola Bars,...",4 bars,"2 / 
$7.00",,$2.36 /100g,"Regular price
$4.99  ea.","Valid until Feb 7, 2024",,https://www.metro.ca/en/online-grocery/search-page-103
PILLSBURY,Pie Crusts,400 g,"$4.29
 ea.",,$1.07 /100g,"Regular price
$5.29  ea.","Valid until Feb 14, 2024",https://product-images.metro.ca/images/h38/he1/11401260466206.jpg,https://www.metro.ca/en/online-grocery/search-page-103
KÜHNE,Sauerkraut,796 mL,"$5.49
 ea.",,$0.69 /100ml,"Regular price
$6.99  ea.","Valid until Jan 24, 2024",https://product-images.metro.ca/images/h56/hb6/12018738561054.jpg,https://www.metro.ca/en/online-grocery/search-page-103
KOZY SHACK,Gluten Free Tapioca Pudding Snack Cups,6x113 g,"$4.49
 ea.",,$0.66 /100g,"Regular price
$5.49  ea.","Valid until Jan 10, 2024",https://product-images.metro.ca/images/h83/h8c/8930383921182.jpg,https://www.metro.ca/en/online-grocery/search-page-103
LITTLE NORTHERN BAKEHOUSE,Gluten Free Seeds And Grains Bread,482 g,"$6.89
 ea.",,$1.43 /100g,"Regular price
$7.99  ea.","Valid until Feb 14, 2024",https://product-images.metro.ca/images/h4a/h65/12122227703838.jpg,https://www.metro.ca/en/online-grocery/search-page-103
METROGO!,General Tao Chicken Pasta Salad,,"$4.17
 avg. ea.",(155 g avg.),$26.90 /kg$12.20 /lb.,,,https://product-images.metro.ca/images/hf5/h7e/11926657269790.jpg,https://www.metro.ca/en/online-grocery/search-page-103
CHRISTIE,"Honey Graham Wafers, Honey Made",400 g,"$5.99
 ea.",,$1.50 /100g,,,,https://www.metro.ca/en/online-grocery/search-page-103
MASTRO,Hot Calabrese Salami,,"$5.49
 / 100 g",,$54.90 /kg$24.90 /lb.,"Regular price
$57.90  / kg","Valid until Jan 17, 2024",https://product-images.metro.ca/images/he7/h11/8822344351774.jpg,https://www.metro.ca/en/online-grocery/search-page-103
SCOTTIES,2-Ply Facial Tissues Value Pack,18x126 sheets,"$22.99
 ea.",,$1.01 /100sheet,,,https://product-images.metro.ca/images/h46/ha4/10393704071198.jpg,https://www.metro.ca/en/online-grocery/search-page-103
QUAKER,"Caramel And Chocolate Chips Brown Rice Cakes, Crispy...",199 g,"$3.99
 ea.",,$2.01 /100g,,,,https://www.metro.ca/en/online-grocery/search-page-103
,Pork Leg Strips,1 pack,"$7.27
 avg. ea.",(300 g avg.),$24.23 /kg$10.99 /lb.,,,https://product-images.metro.ca/images/h48/h35/9233867603998.jpg,https://www.metro.ca/en/online-grocery/search-page-103
,"9"" Garlic, Herbs And Cheese Submarine Rolls",4x100 g,"$4.99
 ea.",,$1.25 /100g,,,,https://www.metro.ca/en/online-grocery/search-page-103
POWERADE,"Mixed Berry Flavoured Sports Drink, Xion4",710 mL,"2 / 
$4.00",,$0.28 /100ml,"Regular price
$2.49  ea.","Valid until Jan 24, 2024",,https://www.metro.ca/en/online-grocery/search-page-103
CADBURY,"Milk Chocolate Bar, Dairy Milk",42 g,"$1.69
 ea.",,$4.02 /100g,,,,https://www.metro.ca/en/online-grocery/search-page-103
ROYAL CHINET,8.75 Indesign Round Paper Plates,40 un,"$7.49
 ea.",,$0.19 /un.,"Regular price
$8.29  ea.","Valid until Feb 7, 2024",https://product-images.metro.ca/images/h1a/h4d/9526238838814.jpg,https://www.metro.ca/en/online-grocery/search-page-103
CUISINE ADVENTURES,French Onion Soup,2x285 g,"$9.99
 ea.",,$1.75 /100g,,,https://product-images.metro.ca/images/h5a/h16/11477873328158.jpg,https://www.metro.ca/en/online-grocery/search-page-103
,Organic Red Bell Pepper,,"$3.85
 avg. ea.",(250 g avg.),$15.41 /kg$6.99 /lb.,,,https://product-images.metro.ca/images/h02/hfc/8871706460190.jpg,https://www.metro.ca/en/online-grocery/search-page-103
MASTRO,Extra Lean Cooked Ham Italian Style,125 g,"$4.99
 ea.",,$3.99 /100g,"Regular price
$5.49  ea.","Valid until Jan 17, 2024",https://product-images.metro.ca/images/h6f/h84/9668709842974.jpg,https://www.metro.ca/en/online-grocery/search-page-103
AYLMER,Cream Of Chicken Condensed Soup,284 mL,"$1.89
 ea.",,$0.67 /100ml,,,https://product-images.metro.ca/images/hf2/h6b/9633835221022.jpg,https://www.metro.ca/en/online-grocery/search-page-103
REDPATH,Golden Yellow Sugar,2 kg,"$7.99
 ea.",,$0.40 /100g,,,https://product-images.metro.ca/images/h0b/heb/10727327432734.jpg,https://www.metro.ca/en/online-grocery/search-page-104
MOTT'S,"Unsweetened Antioxidant Apple & Pomegranate Sauce, F...",6x111 g,"$3.49
 ea.",,$0.52 /100g,,,,https://www.metro.ca/en/online-grocery/search-page-104
GATORADE,Fruit Punch Flavoured Sport Drink Beverage,6x591 mL,"$5.99
 ea.",,$0.17 /100ml,"Regular price
$7.99  ea.","Valid until Jan 10, 2024",https://product-images.metro.ca/images/h68/h20/10784648298526.jpg,https://www.metro.ca/en/online-grocery/search-page-104
HEINEKEN,Dutch Lager Beer,500 mL - can,"$4.79
 ea.",,$0.96 /100ml,,,https://product-images.metro.ca/images/h98/hd5/11574055469086.jpg,https://www.metro.ca/en/online-grocery/search-page-104
DOUBLE FRUIT,Light Garden Fruit Spread,500 mL,"$5.99
 ea.",,$1.20 /100ml,"Regular price
$6.49  ea.","Valid until Feb 7, 2024",https://product-images.metro.ca/images/hc4/h72/11412499496990.jpg,https://www.metro.ca/en/online-grocery/search-page-104
,Chocolate Chip And Pecan Cookies,10x38g,"$6.99
 ea.",,$1.84 /100g,,,https://product-images.metro.ca/images/h3d/he8/8936113078302.jpg,https://www.metro.ca/en/online-grocery/search-page-104
WRIGLEY'S,"Spearmint Flavoured Sugar-Free Mints, Excel",34 g,"$2.99
 ea.",,$8.79 /100g,"Regular price
$3.49  ea.","Valid until Jan 24, 2024",,https://www.metro.ca/en/online-grocery/search-page-104
,Chicken For Chinese Fondue,1 pack,"$6.66
 avg. ea.",(275 g avg.),$24.23 /kg$10.99 /lb.,,,https://product-images.metro.ca/images/h01/h9a/8886462971934.jpg,https://www.metro.ca/en/online-grocery/search-page-104
CLOVER LEAF,Lobster Flavoured Flaked Pollock,227 g,"$4.99
 ea.",,$2.20 /100g,"Regular price
$5.49  ea.","Valid until Jan 17, 2024",https://product-images.metro.ca/images/h44/h3d/11198047289374.jpg,https://www.metro.ca/en/online-grocery/search-page-104
PRINGLES,Cheddar Cheese Flavoured Chips,156 g,"$3.99
 ea.",,$2.56 /100g,,,https://product-images.metro.ca/images/h0c/h39/10250278273054.jpg,https://www.metro.ca/en/online-grocery/search-page-104
SELECTION,Sweetened Apple And Peach Sauce Snacks,6x113 g,"3 / 
$6.00",,or $2.99 ea. $0.29 /100g,,"Valid until Feb 7, 2024",https://product-images.metro.ca/images/hcb/h06/9519108128798.jpg,https://www.metro.ca/en/online-grocery/search-page-104
IRRESISTIBLES,Frozen Chicken Chow Mein,270 g,"$3.29
 ea.",,$1.22 /100g,,,https://product-images.metro.ca/images/hc4/h36/8930500345886.jpg,https://www.metro.ca/en/online-grocery/search-page-104
BICK'S,Hot Pickled Pepper Rings,750 mL,"$5.99
 ea.",,$0.80 /100ml,,,https://product-images.metro.ca/images/hd9/ha0/10777063391262.jpg,https://www.metro.ca/en/online-grocery/search-page-104
OASIS,Peach Clementine Juice,960 mL,"$2.39
 ea.",,$0.25 /100ml,,,https://product-images.metro.ca/images/hab/ha7/11513837551646.jpg,https://www.metro.ca/en/online-grocery/search-page-104
LA FOURNÉE DORÉE,Sesame Seed Brioche Burger Buns,4 un - 200 g,"$5.49
 ea.",,$2.75 /100g,,,https://product-images.metro.ca/images/h37/h88/11614515953694.jpg,https://www.metro.ca/en/online-grocery/search-page-104
KRAFT,Bacon Caesar Dressing,475 mL,"$4.49
 ea.",,$0.95 /100ml,,,https://product-images.metro.ca/images/h6c/h9a/9986863366174.jpg,https://www.metro.ca/en/online-grocery/search-page-104
COMMENSAL,Carrot Soup,600 mL,"$7.79
 ea.",,$1.30 /100ml,,,https://product-images.metro.ca/images/h56/h1b/10062177894430.jpg,https://www.metro.ca/en/online-grocery/search-page-104
HERSHEY'S,"Mini Peanut Butter Cups, Reese",210 g,"$4.99
 ea.",,$2.38 /100g,"Regular price
$6.29  ea.","Valid until Jan 24, 2024",,https://www.metro.ca/en/online-grocery/search-page-104
IRRESISTIBLES,"Orange, Strawberry And Banana Juice",1.65 L,"$4.49
 ea.",,$0.27 /100ml,"Regular price
$5.29  ea.","Valid until Feb 14, 2024",https://product-images.metro.ca/images/h7a/h50/10938840186910.jpg,https://www.metro.ca/en/online-grocery/search-page-104
PRIMO,Canned White Kidney Cannellini Beans,540 mL,"$2.69
 ea.",,$0.50 /100ml,,,https://product-images.metro.ca/images/h0e/haf/11292685139998.jpg,https://www.metro.ca/en/online-grocery/search-page-104
METROGO!,Garden Salad,Medium,"$4.99
 ea.",,$1.33 /100g,,,https://product-images.metro.ca/images/hf9/h90/8837126291486.jpg,https://www.metro.ca/en/online-grocery/search-page-104
GASPÉSIEN,Toupie Style Smoked Ham,750 g,"$13.99
 ea.",,$1.87 /100g,,,https://product-images.metro.ca/images/h62/h55/11449495814174.jpg,https://www.metro.ca/en/online-grocery/search-page-104
LECLERC,Butter Cookies Topped With Milk Chocolate Maple Truf...,240 g,"$4.49
 ea.",,$1.87 /100g,,,,https://www.metro.ca/en/online-grocery/search-page-104
SELECTION,10" Sun-Dried Tomato Flour Tortillas,6 un,"$5.29
 ea.",,$1.18 /100g,,,,https://www.metro.ca/en/online-grocery/search-page-104
RAINCOAST CRISPS,Cranberry And Hazelnut Crackers,150 g,"$5.99
 ea.",,$3.99 /100g,"Regular price
$7.99  ea.","Valid until Jan 24, 2024",https://product-images.metro.ca/images/h6f/h8d/10390734962718.jpg,https://www.metro.ca/en/online-grocery/search-page-104
SELECTION,Sunflower Oil,946 mL,"$6.79
 ea.",,$0.72 /100ml,"Regular price
$7.79  ea.","Valid until Feb 7, 2024",https://product-images.metro.ca/images/h9e/h22/10268234416158.jpg,https://www.metro.ca/en/online-grocery/search-page-104
OCEAN'S,Light Tuna Chunk In Water,170 g,"2 / 
$4.50",,$1.32 /100g,"Regular price
$2.69  ea.","Valid until Jan 24, 2024",https://product-images.metro.ca/images/h1a/h54/10287070609438.jpg,https://www.metro.ca/en/online-grocery/search-page-104
LINDT,"Almond Milk Chocolate Bar, Swiss Classic",100 g,"$3.49
 ea.",,$3.49 /100g,"Regular price
$3.99  ea.","Valid until Jan 24, 2024",,https://www.metro.ca/en/online-grocery/search-page-104
SNACK PACK,Tapioca Pudding Cups,4x99 g,"$2.99
 ea.",,$0.75 /un.,,,https://product-images.metro.ca/images/hf4/h3c/10020591763486.jpg,https://www.metro.ca/en/online-grocery/search-page-104
CELESTIAL,Sleepytime Herbal Tea Bags,20 un,"$4.99
 ea.",,$17.21 /100un.,,,https://product-images.metro.ca/images/h91/h54/11511543595038.jpg,https://www.metro.ca/en/online-grocery/search-page-104
HEALTHY CHOICE,"Pineapple Chicken, Gourmet Steamers",298 g,"$5.99
 ea.",,$2.01 /100g,,,,https://www.metro.ca/en/online-grocery/search-page-105
PLANTERS,Unsalted Cashews,200 g,"$7.99
 ea.",,$4.00 /100g,,,https://product-images.metro.ca/images/h2d/h78/11892981039134.jpg,https://www.metro.ca/en/online-grocery/search-page-105
SELECTION,Toasted Puffed Wheat Cereal,400 g,"$4.99
 ea.",,$1.25 /100g,,,https://product-images.metro.ca/images/h24/h46/8846628814878.jpg,https://www.metro.ca/en/online-grocery/search-page-105
METROGO!,"Assorted Sandwiches, Value Pack",525 g,"$14.99
 ea.",,$2.86 /100g,,,,https://www.metro.ca/en/online-grocery/search-page-105
BLUEWATER SEAFOODS,Frozen Tempura Battered Sole Fillets,350 g,"$8.99
 ea.",,$2.57 /100g,"Regular price
$12.99  ea.","Valid until Jan 10, 2024",https://product-images.metro.ca/images/h34/h20/12048162226206.jpg,https://www.metro.ca/en/online-grocery/search-page-105
IRRESISTIBLES,Big Garlic And Cheese Croutons,145 g,"$2.99
 ea.",,$2.06 /100g,"Regular price
$3.49  ea.","Valid until Jan 10, 2024",https://product-images.metro.ca/images/h2d/h59/8845744013342.jpg,https://www.metro.ca/en/online-grocery/search-page-105
YVES VEGGIE CUISINE,Italian Plant-Based Ground Round,340 g,"$6.99
 ea.",,$2.06 /100g,,,https://product-images.metro.ca/images/h49/hcd/11849346449438.jpg,https://www.metro.ca/en/online-grocery/search-page-105
DRUMSTICK,Chocolate Fudge Brownie Dessert Cones,4x130 mL,"$5.99
 ea.",,$1.15 /100ml,"Regular price
$8.79  ea.","Valid until Jan 24, 2024",https://product-images.metro.ca/images/hc1/hd6/10143799705630.jpg,https://www.metro.ca/en/online-grocery/search-page-105
SELECTION,Windshield Washer Fluid,4x3.78 L,"$12.99
 ea.",,$0.09 /100ml,,,https://product-images.metro.ca/images/h70/hfa/8853249359902.jpg,https://www.metro.ca/en/online-grocery/search-page-105
NATUR,All Natural Crunchy Peanut Butter,500 g,"$5.79
 ea.",,$1.16 /100g,"Regular price
$6.79  ea.","Valid until Feb 7, 2024",https://product-images.metro.ca/images/hc3/hbd/11849371910174.jpg,https://www.metro.ca/en/online-grocery/search-page-105
YVES VEGGIE CUISINE,Mexican Plant-Based Ground Round,340 g,"$6.99
 ea.",,$2.06 /100g,,,https://product-images.metro.ca/images/hf4/h71/9522076680222.jpg,https://www.metro.ca/en/online-grocery/search-page-105
IRRESISTIBLES,"Frozen Vegetarian Thin Crust Pizza, Gusto Italiano",385 g,"$5.49
 ea.",,$1.43 /100g,,,,https://www.metro.ca/en/online-grocery/search-page-105
TRISCUIT,Basil And Balsamic Wine Seasoned Crackers,200 g,"$4.49
 ea.",,$2.25 /100g,,,https://product-images.metro.ca/images/hfa/hd4/11829811970078.jpg,https://www.metro.ca/en/online-grocery/search-page-105
CEDAR,Fava Bean & Chick Pea Mix,540 mL,"$1.99
 ea.",,$0.37 /100ml,"Regular price
$2.79  ea.","Valid until Jan 24, 2024",https://product-images.metro.ca/images/h33/h33/9719581409310.jpg,https://www.metro.ca/en/online-grocery/search-page-105
JACK LINK'S,Teriyaki Beef Jerky,80 g,"$7.99
 ea.",,$9.99 /100g,,,https://product-images.metro.ca/images/h8d/hbb/9836189679646.jpg,https://www.metro.ca/en/online-grocery/search-page-105
GRISSOL,Original Lunch Melba Toast,200 g,"$1.99
 ea.",,$1.00 /100g,"Regular price
$4.29  ea.","Valid until Jan 10, 2024",https://product-images.metro.ca/images/h74/hcc/9658067124254.jpg,https://www.metro.ca/en/online-grocery/search-page-105
FIVE ROSES,All-Purpose White Flour,10 kg,"$19.99
 ea.",,$0.20 /100g,,,https://product-images.metro.ca/images/hf9/hf2/9514457432094.jpg,https://www.metro.ca/en/online-grocery/search-page-105
IRRESISTIBLES,Emmental Cheese,1 piece,"$10.58
 avg. ea.",(425 g avg.),$24.90 /kg$11.29 /lb.,,,https://product-images.metro.ca/images/ha1/h60/11272691875870.jpg,https://www.metro.ca/en/online-grocery/search-page-105
CAVENDISH FARMS,"Frozen All-Seasoned Kettle-Style Potato Wedges, Rest...",750 g,"$4.99
 ea.",,$0.67 /100g,,,,https://www.metro.ca/en/online-grocery/search-page-105
TWIZZLERS,"Cherry Flavoured Candy, Super Nibs",400 g,"$4.99
 ea.",,$1.25 /100g,,,,https://www.metro.ca/en/online-grocery/search-page-105
POWERADE,Fruit Punch Flavoured Sports Drink,710 mL,"2 / 
$4.00",,$0.28 /100ml,"Regular price
$2.49  ea.","Valid until Jan 24, 2024",https://product-images.metro.ca/images/hc8/h5a/11412467023902.jpg,https://www.metro.ca/en/online-grocery/search-page-105
GAY LEA,2% Lactose Free Cottage Cheese,450 g,"$5.49
 ea.",,$1.22 /100g,,,https://product-images.metro.ca/images/hec/h24/12050734579742.jpg,https://www.metro.ca/en/online-grocery/search-page-105
MCCAIN,"Frozen Curly Fries, Super Spirals",650 g,"$5.49
 ea.",,$0.84 /100g,"Regular price
$6.79  ea.","Valid until Feb 14, 2024",,https://www.metro.ca/en/online-grocery/search-page-105
OASIS,"Clementine Fruit Juice Boxes, Hydrafruit",8x200 mL,"$5.79
 ea.",,$0.36 /100ml,,,,https://www.metro.ca/en/online-grocery/search-page-105
ALEXIS DE PORTNEUF,Plain Soft Unripened Goat Cheese Capriny™,100 g,"$6.29
 ea.",,$6.29 /100g,,,https://product-images.metro.ca/images/hf9/hdb/9916376776734.jpg,https://www.metro.ca/en/online-grocery/search-page-105
VH,"Pineapple Cooking Sauce, Chinese",341 mL,"2 / 
$8.00",,$1.17 /100ml,"Regular price
$4.69  ea.","Valid until Jan 24, 2024",,https://www.metro.ca/en/online-grocery/search-page-105
BOUNCE,"Outdoor Fresh® Fabric Softener Sheets, 4-In-1",120 sheets,"$7.99
 ea.",,$0.07 /un.,"Regular price
$9.49  ea.","Valid until Feb 7, 2024",,https://www.metro.ca/en/online-grocery/search-page-105
QUAKER,Oatmeal Chocolate Chip Muffin Mix,900 g,"$4.49
 ea.",,$0.50 /100g,"Regular price
$5.99  ea.","Valid until Jan 10, 2024",https://product-images.metro.ca/images/h36/hb8/12050697093150.jpg,https://www.metro.ca/en/online-grocery/search-page-105
SELECTION,Crushed Cayenne Pepper,60 g,"$2.49
 ea.",,$4.15 /100g,,,https://product-images.metro.ca/images/h4c/h9b/9096968634398.jpg,https://www.metro.ca/en/online-grocery/search-page-105
SCOTCH-BRITE,Heavy Duty Scrub Sponges,2 un,"$3.69
 ea.",,$1.85 /un.,,,https://product-images.metro.ca/images/h7e/h3e/9514489806878.jpg,https://www.metro.ca/en/online-grocery/search-page-105
BETTY CROCKER,"Cream Cheese Frosting, Whipped",340 g,"$2.00
 ea.",,$0.59 /100g,"Regular price
$2.99  ea.","Valid until Feb 7, 2024",,https://www.metro.ca/en/online-grocery/search-page-106
GOGO SQUEEZ,Apple Sauce Pouches,4x90 g,"$4.99
 ea.",,$1.39 /100g,,,https://product-images.metro.ca/images/h06/ha0/10695651688478.jpg,https://www.metro.ca/en/online-grocery/search-page-106
BRUNSWICK,Canadian Sardines In Tomato Sauce,106 g,"$2.79
 ea.",,$2.63 /100g,,,https://product-images.metro.ca/images/hf9/hdf/9526813523998.jpg,https://www.metro.ca/en/online-grocery/search-page-106
BICK'S,Polskie Ogórki Dill Pickles,1 L,"$5.99
 ea.",,$0.60 /100ml,,,https://product-images.metro.ca/images/hc3/h1b/10183844823070.jpg,https://www.metro.ca/en/online-grocery/search-page-106
SALADA,Orange Pekoe Tea,36 un,"$3.99
 ea.",,$0.11 /un.,,,https://product-images.metro.ca/images/hdb/h65/9526887972894.jpg,https://www.metro.ca/en/online-grocery/search-page-106
DIET COKE,Soft Drink,6x222 mL,"2 / 
$8.00",,$0.30 /100ml,"Regular price
$5.79  ea.","Valid until Jan 24, 2024",https://product-images.metro.ca/images/he4/h2d/11771862286366.jpg,https://www.metro.ca/en/online-grocery/search-page-106
LINDT,"78% Cacao Dark Chocolate Bar, Excellence",100 g,"$5.29
 ea.",,$5.29 /100g,,"Valid until Jan 10, 2024",,https://www.metro.ca/en/online-grocery/search-page-106
FRUITÉ,Grape Beverage,2 L,"2 / 
$6.00",,$0.15 /100ml,"Regular price
$3.59  ea.","Valid until Jan 10, 2024",https://product-images.metro.ca/images/had/ha0/11311442362398.jpg,https://www.metro.ca/en/online-grocery/search-page-106
SELECTION,Dried Pitted Dates,500 g,"$3.49
 ea.",,$0.70 /100g,,,https://product-images.metro.ca/images/h6c/h76/11521120108574.jpg,https://www.metro.ca/en/online-grocery/search-page-106
CASCADE,"Fresh Scented Dishwasher Detergent Pacs, Complete Ac...",20 un,"$9.49
 ea.",,$0.47 /un.,,,,https://www.metro.ca/en/online-grocery/search-page-106
METROGO!,Pollock Salad Stuffed Buns,,"$3.96
 avg. ea.",(200 g avg.),$19.82 /kg$8.99 /lb.,"Regular price
$22.02  avg. kg","Valid until Jan 10, 2024",https://product-images.metro.ca/images/h08/hcc/12216209604638.jpg,https://www.metro.ca/en/online-grocery/search-page-106
LA BELLE BRETAGNE,Glazed Garlic Liver Pâté,150 g,"$4.69
 ea.",,$3.13 /100g,,,https://product-images.metro.ca/images/ha0/he6/11292703621150.jpg,https://www.metro.ca/en/online-grocery/search-page-106
,Pomegranate,Sold individually,"$2.99
 ea.",,$2.99 /un.,,,https://product-images.metro.ca/images/h84/h79/8878576369694.jpg,https://www.metro.ca/en/online-grocery/search-page-106
MR. NOODLES,"Chicken Flavoured Instant Noodle Soup, Bowl",110 g,"$1.99
 ea.",,$1.81 /100g,"Regular price
$2.29  ea.","Valid until Jan 24, 2024",,https://www.metro.ca/en/online-grocery/search-page-106
LA PARISIENNE,Original Scent Liquid Laundry Detergent,38 loads-1.52 L,"$6.79
 ea.",,$0.18 /load,,,https://product-images.metro.ca/images/h58/h4b/8808789966878.jpg,https://www.metro.ca/en/online-grocery/search-page-106
LAURA SECORD,Milk Chocolate Spread,600 g,"$6.99
 ea.",,$1.17 /100g,,,https://product-images.metro.ca/images/h92/h3f/9522415337502.jpg,https://www.metro.ca/en/online-grocery/search-page-106
AKI SUSHI,"Citrus Mayonnaise, California Sauce",30 mL,"$1.25
 ea.",,$4.17 /100ml,,,,https://www.metro.ca/en/online-grocery/search-page-106
RED BULL,Energy Drink,250 mL,"2 / 
$5.50",,$1.10 /100ml,"Regular price
$3.49  ea.","Valid until Jan 24, 2024",https://product-images.metro.ca/images/ha3/h4b/11481653968926.jpg,https://www.metro.ca/en/online-grocery/search-page-106
,Oatmeal And Raisin Cookies,10x38g,"$6.99
 ea.",,$1.84 /100g,,,https://product-images.metro.ca/images/hbb/h95/9014443704350.jpg,https://www.metro.ca/en/online-grocery/search-page-106
MR. CLEAN,"Extra Durable Pads, Magic Eraser",2 un,"$4.49
 ea.",,$2.25 /un.,,,,https://www.metro.ca/en/online-grocery/search-page-106
IRRESISTIBLES,Crab Meat,113 g,"$3.99
 ea.",,$3.53 /100g,"Regular price
$4.79  ea.","Valid until Jan 24, 2024",https://www.metro.ca/images/shared/placeholders/icon-no-picture.svg?v=2023.71.1.d1,https://www.metro.ca/en/online-grocery/search-page-106
SELECTION,Grated Light Parmesan Cheese,250 g,"$8.29
 ea.",,$3.32 /100g,,,https://product-images.metro.ca/images/hd7/h5a/11521102217246.jpg,https://www.metro.ca/en/online-grocery/search-page-106
CLOVER LEAF,Wild Pacific Pink Salmon,418 g,"$7.99
 ea.",,$1.91 /100g,,,https://product-images.metro.ca/images/h79/h11/11679623610398.jpg,https://www.metro.ca/en/online-grocery/search-page-106
JIF,Crunchy Peanut Butter,1 kg,"$6.99
 ea.",,$0.70 /100g,"Regular price
$7.79  ea.","Valid until Feb 7, 2024",https://product-images.metro.ca/images/hd6/hae/11614490296350.jpg,https://www.metro.ca/en/online-grocery/search-page-106
KNORR,"Liquid Vegetable Bouillon, Bovril",250 mL,"$5.49
 ea.",,$2.20 /100ml,,,,https://www.metro.ca/en/online-grocery/search-page-106
SELECTION,Parboiled Long Grain Rice,2 kg,"$4.99
 ea.",,$0.25 /100g,"Regular price
$6.99  ea.","Valid until Jan 10, 2024",https://product-images.metro.ca/images/h39/h11/10183915044894.jpg,https://www.metro.ca/en/online-grocery/search-page-106
PASTENE,"Italian Rice, Arborio Superfino",750 g,"$6.29
 ea.",,$0.84 /100g,,,,https://www.metro.ca/en/online-grocery/search-page-106
SANTOSH,Garlic Naan Bread,500 g,"$4.79
 ea.",,$0.96 /100g,,,https://product-images.metro.ca/images/h56/h08/9533400809502.jpg,https://www.metro.ca/en/online-grocery/search-page-106
CANTON,Honey And Garlic Fondue And Dipping Sauce,180 mL,"2 / 
$7.00",,$1.94 /100ml,"Regular price
$3.99  ea.","Valid until Jan 24, 2024",https://product-images.metro.ca/images/h6a/ha4/11088022437918.jpg,https://www.metro.ca/en/online-grocery/search-page-106
WRIGLEY'S,"Bottle Of The Original Flavoured Chewing Gum, Juicy ...",60 un,"$6.29
 ea.",,$0.10 /un.,,,,https://www.metro.ca/en/online-grocery/search-page-106
IRRESISTIBLES,"All-Butter Cookies Topped With Dark Chocolate, Signa...",240 g,"$4.49
 ea.",,$1.87 /100g,,,,https://www.metro.ca/en/online-grocery/search-page-107
SELECTION,Clingstone Peach Slices In Juice,796 mL,"$3.49
 ea.",,$0.44 /100ml,"Regular price
$4.49  ea.","Valid until Feb 7, 2024",https://product-images.metro.ca/images/h3f/h0f/10062134083614.jpg,https://www.metro.ca/en/online-grocery/search-page-107
TOASTER STRUDEL,Strawberry Pastries With Icing,326 g,"$2.99
 ea.",,$0.92 /100g,"Regular price
$4.49  ea.","Valid until Jan 10, 2024",https://product-images.metro.ca/images/h7d/hb6/9882892599326.jpg,https://www.metro.ca/en/online-grocery/search-page-107
CHEEZ WHIZ,Light Cheese Spread,450 g,"$6.69
 ea.",,$1.49 /100g,,,https://product-images.metro.ca/images/h2a/hd4/9986827517982.jpg,https://www.metro.ca/en/online-grocery/search-page-107
CADBURY,"Hazelnut Milk Chocolate Bar, Dairy Milk",100 g,"$2.99
 ea.",,$2.99 /100g,"Regular price
$3.49  ea.","Valid until Jan 24, 2024",,https://www.metro.ca/en/online-grocery/search-page-107
TOBLERONE,Swiss Milk Chocolate With Honey And Almond Nougat,360 g,"$12.49
 ea.",,$3.47 /100g,,,https://product-images.metro.ca/images/h62/h5b/12227438215198.jpg,https://www.metro.ca/en/online-grocery/search-page-107
ST-HUBERT,Garlic Bbq Sauce Mix,47 g,"3 / 
$5.00",,$3.55 /100g,"Regular price
$2.39  ea.","Valid until Jan 10, 2024",https://product-images.metro.ca/images/hfd/h28/10170587611166.jpg,https://www.metro.ca/en/online-grocery/search-page-107
CLOVER LEAF,Tomato And Onion Flaked Light Tuna,85 g,"$1.99
 ea.",,$2.34 /100g,"Regular price
$2.49  ea.","Valid until Jan 10, 2024",https://product-images.metro.ca/images/h11/hfa/11374790508574.jpg,https://www.metro.ca/en/online-grocery/search-page-107
BLACK DIAMOND,"Lactose Free Marbelicious® Mozzarella Cheese Sticks,...",12 sticks,"$7.99
 ea.",,$3.17 /100g,"Regular price
$8.79  ea.","Valid until Feb 14, 2024",,https://www.metro.ca/en/online-grocery/search-page-107
MOTT'S,"Original Apple Sauce, Fruitsations",620 mL,"$2.99
 ea.",,$0.48 /100ml,,,,https://www.metro.ca/en/online-grocery/search-page-107
BEATRICE,1% Chocolate Milk,2 L,"$4.99
 ea.",,$0.25 /100ml,"Regular price
$6.69  ea.","Valid until Jan 10, 2024",https://product-images.metro.ca/images/hf3/h5d/12354346221598.jpg,https://www.metro.ca/en/online-grocery/search-page-107
HEALTHY CHOICE,"Grilled Chicken Marinara, Gourmet Steamers",284 g,"$5.99
 ea.",,$2.11 /100g,,,,https://www.metro.ca/en/online-grocery/search-page-107
NESTLÉ,"Classic Fudge Flavoured Bars, Parlour",12x60 mL,"$6.29
 ea.",,$0.87 /100ml,,,,https://www.metro.ca/en/online-grocery/search-page-107
SELECTION,Thin Vegetable Crackers,225 g,"$3.79
 ea.",,$1.68 /100g,,,https://product-images.metro.ca/images/hae/h4d/10822682050590.jpg,https://www.metro.ca/en/online-grocery/search-page-107
MIZKAN,"Natural Rice Vinegar, Nakano",355 mL,"$6.29
 ea.",,$1.77 /100ml,,,,https://www.metro.ca/en/online-grocery/search-page-107
,Organic Butternut Squash,,"$5.63
 avg. ea.",(950 g avg.),$5.93 /kg$2.69 /lb.,,,https://product-images.metro.ca/images/hc6/h40/8833194983454.jpg,https://www.metro.ca/en/online-grocery/search-page-107
MAISON CROWIN,Molasse Oatcakes,420 g,"$6.99
 ea.",,$1.66 /100g,,,https://product-images.metro.ca/images/h52/h40/10268288712734.jpg,https://www.metro.ca/en/online-grocery/search-page-107
QUAKER,"Multigrain Cereal, Life",425 g,"$5.79
 ea.",,$1.36 /100g,,,,https://www.metro.ca/en/online-grocery/search-page-107
PLAISIRS GASTRONOMIQUES,Three Game Terrine With Pork And Peppercorns,125 g,"$6.29
 ea.",,$5.03 /100g,,,https://product-images.metro.ca/images/h9d/h7d/9529839550494.jpg,https://www.metro.ca/en/online-grocery/search-page-107
CHIP AHOY!,Mini Rainbow Chocolate Chip Cookies,225 g,"$3.99
 ea.",,$1.77 /100g,,,https://product-images.metro.ca/images/haf/he0/11068821930014.jpg,https://www.metro.ca/en/online-grocery/search-page-107
CASCADES,"2-Ply Enviro Strong Paper Towels, Tuff",6x105 sheets,"$9.49
 ea.",,$1.51 /100sheet,"Regular price
$10.29  ea.","Valid until Feb 7, 2024",,https://www.metro.ca/en/online-grocery/search-page-107
KRAFT,Creamy Caesar Dressing,475 mL,"$4.49
 ea.",,$0.95 /100ml,,,https://product-images.metro.ca/images/h00/h03/9644713902110.jpg,https://www.metro.ca/en/online-grocery/search-page-107
METROGO!,"Shepherd'S Pie, Value Pack",,"$25.54
 avg. ea.","(1,222 g avg.)",$20.90 /kg$9.48 /lb.,,,,https://www.metro.ca/en/online-grocery/search-page-107
SELECTION,Fancy Molasses,675 g,"$4.39
 ea.",,$0.65 /100g,,,https://product-images.metro.ca/images/h36/hae/11521129087006.jpg,https://www.metro.ca/en/online-grocery/search-page-107
,"French Beef Steaks, Brown And Serve",2 steaks per tray,"$8.26
 avg. ea.",(300 g avg.),$27.54 /kg$12.49 /lb.,"Regular price
$29.08  avg. kg","Valid until Jan 10, 2024",https://product-images.metro.ca/images/h26/h10/8886425616414.jpg,https://www.metro.ca/en/online-grocery/search-page-107
IRRESISTIBLES,"Pecan Pie, Artisan",600 g,"$12.99
 ea.",,$2.17 /100g,,,,https://www.metro.ca/en/online-grocery/search-page-107
SILJANS,Crispy Shells For Hors D'Œuvres,24 un,"$3.79
 ea.",,$9.48 /100g,"Regular price
$4.29  ea.","Valid until Jan 24, 2024",,https://www.metro.ca/en/online-grocery/search-page-107
METROGO!,Pure Butter Turkey Croissant,,"$5.99
 ea.",,$3.74 /100g,,,https://product-images.metro.ca/images/hd9/h0d/11926700949534.jpg,https://www.metro.ca/en/online-grocery/search-page-107
MICHELINA'S,Frozen Lasagna With Meat Sauce,255 g,"2 / 
$5.00",,$0.98 /100g,"Regular price
$3.69  ea.","Valid until Feb 14, 2024",https://product-images.metro.ca/images/h40/h39/11760048275486.jpg,https://www.metro.ca/en/online-grocery/search-page-107
METROGO!,4-Cut Vegetable Platter,,"$6.99
 ea.",,$1.33 /100g,"Regular price
$9.99  ea.","Valid until Jan 10, 2024",https://product-images.metro.ca/images/hda/hbb/8837314117662.jpg,https://www.metro.ca/en/online-grocery/search-page-107
KASHI,"Honey Almond Flax Cereal, GOLEAN Crunch!",400 g,"$7.49
 ea.",,$1.87 /100g,,,,https://www.metro.ca/en/online-grocery/search-page-108
THE LITTLE POTATO COMPANY,Creamer Potatoes With Garlic And Parsley Seasoning,454 g,"$4.99
 ea.",,$1.10 /100g,,,https://product-images.metro.ca/images/hed/h15/12018726600734.jpg,https://www.metro.ca/en/online-grocery/search-page-108
IRRESISTIBLES,Fresh Cheese And Spinach Ravioli,350 g,"$4.49
 ea.",,$1.28 /100g,"Regular price
$4.99  ea.","Valid until Jan 17, 2024",https://product-images.metro.ca/images/h5d/hed/11307045552158.jpg,https://www.metro.ca/en/online-grocery/search-page-108
TRISCUIT,"ThinCrisps Avocado, Cilantro & Lime Crackers",200 g,"$4.49
 ea.",,$2.25 /100g,,,https://product-images.metro.ca/images/hdc/h72/11117346979870.jpg,https://www.metro.ca/en/online-grocery/search-page-108
,Salted Pork Back Fat,1 pack,"$3.52
 avg. ea.",(200 g avg.),$17.61 /kg$7.99 /lb.,,,https://product-images.metro.ca/images/h38/h63/8896935165982.jpg,https://www.metro.ca/en/online-grocery/search-page-108
SELECTION,Pretzel Sticks,400 g,"$3.99
 ea.",,$1.00 /100g,,,https://product-images.metro.ca/images/h78/h40/10547120832542.jpg,https://www.metro.ca/en/online-grocery/search-page-108
IRRESISTIBLES,Frozen Butter Chicken With Basmati Rice,280 g,"$3.29
 ea.",,$1.18 /100g,,,https://product-images.metro.ca/images/h30/hfd/8946270273566.jpg,https://www.metro.ca/en/online-grocery/search-page-108
IRRESISTIBLES,Frozen Milk Chocolate Dipped Profiteroles,300 g,"$9.99
 ea.",,$3.33 /100g,"Regular price
$11.99  ea.","Valid until Jan 10, 2024",https://product-images.metro.ca/images/h5d/h25/8869215404062.jpg,https://www.metro.ca/en/online-grocery/search-page-108
GLACÉAU VITAMINWATER,Mega-C Dragonfruit Nutrient Enhanced Water Beverage,591 mL,"3 / 
$6.00",,$0.34 /100ml,"Regular price
$3.29  ea.","Valid until Feb 7, 2024",https://product-images.metro.ca/images/h44/hb8/11477782069278.jpg,https://www.metro.ca/en/online-grocery/search-page-108
SELECTION,"Lemon-Lime Flavoured Diet Soft Drink, C-Up",2 L,"$2.29
 ea.",,$0.11 /100ml,,,,https://www.metro.ca/en/online-grocery/search-page-108
PEPSI,Caffeine Free Diet Soft Drink,12x355 mL,"$6.98
 ea.",,$0.16 /100ml,"Regular price
$7.99  ea.","Valid until Jan 10, 2024",https://product-images.metro.ca/images/h60/he8/12354338619422.jpg,https://www.metro.ca/en/online-grocery/search-page-108
METROGO!,Mild Italian Sausage Patties,6 patties per tray,"$11.89
 avg. ea.",(900 g avg.),$13.21 /kg$5.99 /lb.,,,https://product-images.metro.ca/images/hdc/h7f/9233931796510.jpg,https://www.metro.ca/en/online-grocery/search-page-108
CAMPBELL'S,Condensed Tomato Soup With Basil & Oregano,284 mL,"$2.99
 ea.",,$1.05 /100ml,,,https://product-images.metro.ca/images/h81/h52/11679620300830.jpg,https://www.metro.ca/en/online-grocery/search-page-108
CHRISTIE,"Sweet Potato Crackers, Wheat Thins",175 g,"$3.49
 ea.",,$1.99 /100g,"Regular price
$4.19  ea.","Valid until Jan 24, 2024",,https://www.metro.ca/en/online-grocery/search-page-108
IRRESISTIBLES,Extra Virgin Olive Oil,1 L,"$16.99
 ea.",,$1.70 /100ml,,,https://product-images.metro.ca/images/h72/hfb/10378879533086.jpg,https://www.metro.ca/en/online-grocery/search-page-108
KELLOGG'S,"Frozen Strawberry Flavoured Waffles, Eggo",280 g,"$3.99
 ea.",,$1.42 /100g,"Regular price
$4.79  ea.","Valid until Feb 14, 2024",,https://www.metro.ca/en/online-grocery/search-page-108
,Yellow Beans,,"$1.76
 / 100 g",,$17.61 /kg$7.99 /lb.,,,https://product-images.metro.ca/images/hd6/hd1/8837076582430.jpg,https://www.metro.ca/en/online-grocery/search-page-108
YVES VEGGIE CUISINE,Veggie Burgers,568 g,"$12.99
 ea.",,$2.29 /100g,,,https://product-images.metro.ca/images/h04/h70/11849391112222.jpg,https://www.metro.ca/en/online-grocery/search-page-108
ROUGEMONT,Mcintosh Apple Juice,2 L,"$4.49
 ea.",,$0.22 /100ml,"Regular price
$4.99  ea.","Valid until Jan 24, 2024",https://product-images.metro.ca/images/h37/h06/11937048199198.jpg,https://www.metro.ca/en/online-grocery/search-page-108
OLD EL PASO,"Mild Salsa, Thick N' Chunky",650 mL,"$5.79
 ea.",,$0.89 /100ml,,,,https://www.metro.ca/en/online-grocery/search-page-108
KRAFT,Golden Italian Dressing & Marinade,475 mL,"$4.49
 ea.",,$0.95 /100ml,,,https://product-images.metro.ca/images/h3f/h29/9986880667678.jpg,https://www.metro.ca/en/online-grocery/search-page-108
7UP,Soft Drink,1 L,"$2.19
 ea.",,$0.22 /100ml,,,https://product-images.metro.ca/images/had/ha5/10135771840542.jpg,https://www.metro.ca/en/online-grocery/search-page-108
STARBUCKS,"Mocha Flavoured Iced Coffee Beverage, Frappuccino",405 mL,"$3.99
 ea.",,$0.99 /100ml,,,,https://www.metro.ca/en/online-grocery/search-page-108
SELECTION,Artificial Vanilla Extract,125 mL,"$3.49
 ea.",,$2.79 /100ml,,,https://product-images.metro.ca/images/h9e/h4b/9693918855198.jpg,https://www.metro.ca/en/online-grocery/search-page-108
NATURE VALLEY,"Chocolate Chip Chewy Granola Bars, Lunch Box",5 bars,"2 / 
$6.00",,or $3.99 ea. $2.31 /100g,,"Valid until Feb 7, 2024",,https://www.metro.ca/en/online-grocery/search-page-108
FRISKIES,"Wet Cat Food Pâté, Chef'S Dinner",156 g,"$1.49
 ea.",,$0.96 /100g,,,,https://www.metro.ca/en/online-grocery/search-page-108
CANTON,Oriental Style Fondue And Dipping Sauce,180 mL,"2 / 
$7.00",,$1.94 /100ml,"Regular price
$3.99  ea.","Valid until Jan 24, 2024",https://product-images.metro.ca/images/hf5/h8d/11088018931742.jpg,https://www.metro.ca/en/online-grocery/search-page-108
BELSOY,Creamy Caramel Soy Dessert,4x125 g,"$3.77
 ea.",,$0.75 /100g,"Regular price
$5.19  ea.","Valid until Jan 10, 2024",https://product-images.metro.ca/images/h89/h45/12320452280350.jpg,https://www.metro.ca/en/online-grocery/search-page-108
MINUTE MAID,Berry Punch,10x200 mL,"$4.79
 ea.",,$0.24 /100ml,,,https://product-images.metro.ca/images/h4e/h59/10495646400542.jpg,https://www.metro.ca/en/online-grocery/search-page-108
METROGO!,Le Sublime Fruit Platter,,"$9.99
 ea.",,$1.48 /100g,,,https://product-images.metro.ca/images/hc7/h14/8836980310046.jpg,https://www.metro.ca/en/online-grocery/search-page-108
DOLE,Diced Peach Mango Cups In Juice,4x107 ml,"$4.49
 ea.",,$1.05 /100ml,,,https://product-images.metro.ca/images/h7f/ha3/11477815853086.jpg,https://www.metro.ca/en/online-grocery/search-page-109
TOSTITOS,Spinach Dip,432 g,"$5.29
 ea.",,$1.22 /100g,,,https://product-images.metro.ca/images/h50/hc6/11860657274910.jpg,https://www.metro.ca/en/online-grocery/search-page-109
,Vanilla Sunny Shell Cakes,"6 dessert cups, 142 g","$3.69
 ea.",,$2.60 /100g,,,https://product-images.metro.ca/images/h4e/h50/8861364289566.jpg,https://www.metro.ca/en/online-grocery/search-page-109
IRRESISTIBLES,Colombian Ground Coffee,925 g,"$15.99
 ea.",,$1.73 /100g,"Regular price
$16.99  ea.","Valid until Feb 7, 2024",https://product-images.metro.ca/images/h55/h67/11257132482590.jpg,https://www.metro.ca/en/online-grocery/search-page-109
ARCTIC GARDENS,Frozen Broccoli And Cauliflower Florets,500 g,"$5.49
 ea.",,$1.10 /100g,,,https://product-images.metro.ca/images/h61/h11/11477793013790.jpg,https://www.metro.ca/en/online-grocery/search-page-109
CARTE NOIRE,"Americano Coffee T Discs, Tassimo",14 un,"$10.49
 ea.",,$0.75 /un.,,,,https://www.metro.ca/en/online-grocery/search-page-109
SMOKY BAY,Australian White Wine,1 L,"$13.49
 ea.",,$1.35 /100ml,"Regular price
$14.99  ea.","Valid until Feb 7, 2024",https://product-images.metro.ca/images/h7c/h17/8964254793758.jpg,https://www.metro.ca/en/online-grocery/search-page-109
SELECTION,Low-Fat Cream Of Chicken Condensed Soup,284 mL,"2 / 
$2.22",,$0.39 /100ml,"Regular price
$2.29  ea.","Valid until Jan 24, 2024",https://product-images.metro.ca/images/hec/h51/10134527016990.jpg,https://www.metro.ca/en/online-grocery/search-page-109
DARE,"Gluten Free Herb And Garlic Crackers, Breton",135 g,"$1.99
 ea.",,$1.47 /100g,"Regular price
$4.29  ea.","Valid until Jan 10, 2024",,https://www.metro.ca/en/online-grocery/search-page-109
RICKARD'S,Irish-Style Red Ale Beer,12x341 mL,"$23.99
 ea.",,$0.59 /100ml,,,https://product-images.metro.ca/images/h49/he7/9519088009246.jpg,https://www.metro.ca/en/online-grocery/search-page-109
SNACK FACTORY,"Everything Deli Style Crackers, Pretzel Crisps",200 g,"$6.99
 ea.",,$3.50 /100g,,,,https://www.metro.ca/en/online-grocery/search-page-109
CAVENDISH FARMS,"Frozen Homestyle Straight Cut Potatoes, Simply Homes...",750 g,"$4.99
 ea.",,$0.67 /100g,,,,https://www.metro.ca/en/online-grocery/search-page-109
MAPLE LODGE FARMS,Sliced Smoked Chicken Breast Roast,200 g,"$4.79
 ea.",,$2.40 /100g,"Regular price
$5.19  ea.","Valid until Jan 17, 2024",https://product-images.metro.ca/images/hc9/hf9/11243970232350.jpg,https://www.metro.ca/en/online-grocery/search-page-109
CADBURY,"Chocolate Bar, Crispy Crunch",48 g,"$1.69
 ea.",,$3.52 /100g,,,,https://www.metro.ca/en/online-grocery/search-page-109
SCHNEIDERS,Ham And Bacon Baked Meat Loaf,,"$3.99
 / 100 g",,$39.90 /kg$18.10 /lb.,,,https://product-images.metro.ca/images/hf0/hd3/8824167202846.jpg,https://www.metro.ca/en/online-grocery/search-page-109
METROGO!,"Chicken Spread Stuffed Buns, Value Pack",,"$11.99
 ea.",,$2.00 /100g,,,,https://www.metro.ca/en/online-grocery/search-page-109
LE MIEL D'ÉMILIE,Liquid Golden Honey,500 g,"$7.99
 ea.",,$1.60 /100g,"Regular price
$8.99  ea.","Valid until Feb 7, 2024",https://product-images.metro.ca/images/h60/h4b/9527230791710.jpg,https://www.metro.ca/en/online-grocery/search-page-109
BLUEWATER SEAFOODS,"Frozen Potato Breaded Alaska Pollock Fillets, Potato...",516 g,"$8.99
 ea.",,$1.74 /100g,"Regular price
$12.99  ea.","Valid until Jan 10, 2024",,https://www.metro.ca/en/online-grocery/search-page-109
WEIGHT WATCHERS,"Gourmet Slow Roasted Turkey Breast Dinner, Smart Ones",255 g,"3 / 
$10.00",,$1.31 /100g,"Regular price
$4.49  ea.","Valid until Feb 14, 2024",,https://www.metro.ca/en/online-grocery/search-page-109
SAINT MORGON,Soft Cheese,200 g,"$9.49
 ea.",,$4.75 /100g,,,https://product-images.metro.ca/images/he7/hb0/9731813113886.jpg,https://www.metro.ca/en/online-grocery/search-page-109
,Skinless Chicken Drumsticks,5 drumsticks per tray,"$6.76
 avg. ea.",(530 g avg.),$12.76 /kg$5.79 /lb.,,,https://product-images.metro.ca/images/hc3/h0c/8886563962910.jpg,https://www.metro.ca/en/online-grocery/search-page-109
CEDAR,White Kidney Beans,540 mL,"$1.99
 ea.",,$0.37 /100ml,"Regular price
$2.79  ea.","Valid until Jan 24, 2024",https://product-images.metro.ca/images/h48/haa/9719618895902.jpg,https://www.metro.ca/en/online-grocery/search-page-109
NOTRE VIN MAISON,Canadian White Wine,500 mL,"$8.99
 ea.",,$1.80 /100ml,,,https://product-images.metro.ca/images/h8a/h7b/10529547616286.jpg,https://www.metro.ca/en/online-grocery/search-page-109
LYSOL,Lemon Multipurpose Cleaning Spray,650 ml,"$3.99
 ea.",,$0.61 /100ml,"Regular price
$5.79  ea.","Valid until Feb 7, 2024",https://product-images.metro.ca/images/hb2/h33/10179849256990.jpg,https://www.metro.ca/en/online-grocery/search-page-109
SELECTION,Reduced Salt Instant Chicken Stock Mix,400 g,"$4.49
 ea.",,$1.12 /100g,,,https://product-images.metro.ca/images/h74/h2e/11521152909342.jpg,https://www.metro.ca/en/online-grocery/search-page-109
IRRESISTIBLES,Frozen New York Style Raspberry Cheesecake,600 g (serves 6),"$15.49
 ea.",,$2.58 /100g,"Regular price
$17.49  ea.","Valid until Jan 10, 2024",https://www.metro.ca/images/shared/placeholders/icon-no-picture.svg?v=2023.71.1.d1,https://www.metro.ca/en/online-grocery/search-page-109
GRISSOL,"Roasted Garlic Toasted Snack Bread, Baguettes",120 g,"$1.99
 ea.",,$1.66 /100g,"Regular price
$4.29  ea.","Valid until Jan 10, 2024",,https://www.metro.ca/en/online-grocery/search-page-109
SHOUT,Triple-Acting Laundry Stain Remover Spray,650 ml,"$4.99
 ea.",,$0.77 /100ml,,,https://product-images.metro.ca/images/h2d/hbc/10020528324638.jpg,https://www.metro.ca/en/online-grocery/search-page-109
DELVERDE,Spaghetti N°4,450 g,"2 / 
$5.00",,$0.56 /100g,"Regular price
$3.99  ea.","Valid until Jan 24, 2024",https://product-images.metro.ca/images/h25/hfb/9530119782430.jpg,https://www.metro.ca/en/online-grocery/search-page-109
RIVIERA,0% Lactose Free Vanilla Greek Yogurt,750 g,"$5.99
 ea.",,$0.80 /100g,"Regular price
$7.79  ea.","Valid until Feb 14, 2024",https://product-images.metro.ca/images/h8f/hcd/11570845745182.jpg,https://www.metro.ca/en/online-grocery/search-page-109
ALEXIS DE PORTNEUF,Le Brie D'Alexis™ Double Cream Brie Cheese,300 g,"$11.99
 ea.",,$4.00 /100g,"Regular price
$12.49  ea.","Valid until Jan 17, 2024",https://product-images.metro.ca/images/h83/h1c/10486511173662.jpg,https://www.metro.ca/en/online-grocery/search-page-110
PARIS PÂTÉ,Smoked Flavoured Deviled Ham Paté,78 g,"$3.19
 ea.",,$4.09 /100g,,,https://product-images.metro.ca/images/h13/hd0/11492989599774.jpg,https://www.metro.ca/en/online-grocery/search-page-110
CEDAR,Lentils,540 mL,"$1.99
 ea.",,$0.37 /100ml,"Regular price
$2.79  ea.","Valid until Jan 24, 2024",https://product-images.metro.ca/images/h2a/h9e/9719611785246.jpg,https://www.metro.ca/en/online-grocery/search-page-110
OKA,Original Cheese,190 g,"$10.49
 ea.",,$5.52 /100g,,,https://product-images.metro.ca/images/h0a/h3b/12050657935390.jpg,https://www.metro.ca/en/online-grocery/search-page-110
BICK'S,No Garlic Dill Pickles,1 L,"$5.99
 ea.",,$0.60 /100ml,,,https://product-images.metro.ca/images/h47/h52/10183862026270.jpg,https://www.metro.ca/en/online-grocery/search-page-110
HUNGRY-MAN,Salisbury Steak Frozen Meal,455 g,"$6.29
 ea.",,$1.38 /100g,,,https://product-images.metro.ca/images/h91/hea/11461710970910.jpg,https://www.metro.ca/en/online-grocery/search-page-110
HABITANT,Light Strawberry Spread,500 ml,"$4.99
 ea.",,$1.00 /100ml,,,https://product-images.metro.ca/images/h54/hca/10486524018718.jpg,https://www.metro.ca/en/online-grocery/search-page-110
LAY'S,"Cheddar Flavoured Crisps, Stax",155 g,"$2.99
 ea.",,$1.93 /100g,,,,https://www.metro.ca/en/online-grocery/search-page-110
ACTIVIA,1.5% Strawberry Flavoured Drinkable Probiotic Yogurt...,8x93 mL,"$5.49
 ea.",,$0.74 /100ml,"Regular price
$6.49  ea.","Valid until Feb 14, 2024",,https://www.metro.ca/en/online-grocery/search-page-110
IRRESISTIBLES,Cranberry Lemon Muffins,600 g,"$7.99
 ea.",,$1.33 /100g,,,https://product-images.metro.ca/images/h3f/h37/9073819910174.jpg,https://www.metro.ca/en/online-grocery/search-page-110
LISTERINE,Cool Mint™ Antiseptic Mouthwash,1 L,"$10.49
 ea.",,$1.05 /100ml,,,https://product-images.metro.ca/images/h92/h01/9521574707230.jpg,https://www.metro.ca/en/online-grocery/search-page-110
LINDT,"Milk Chocolate Truffles, Lindor",150 g,"$7.79
 ea.",,$5.19 /100g,"Regular price
$8.99  ea.","Valid until Jan 24, 2024",,https://www.metro.ca/en/online-grocery/search-page-110
SELECTION,Rippled Regular Chips,454 g,"$3.49
 ea.",,$0.77 /100g,,,https://product-images.metro.ca/images/hca/hb1/10200559419422.jpg,https://www.metro.ca/en/online-grocery/search-page-110
MASTRO,Hot Genoa Salami,,"$4.99
 / 100 g",,$49.90 /kg$22.63 /lb.,,,https://product-images.metro.ca/images/h2d/h73/8823572267038.jpg,https://www.metro.ca/en/online-grocery/search-page-110
METROGO!,Caesar Salad,Medium,"2 / 
$9.99",,or $5.99 ea. $2.38 /100g,,"Valid until Jan 10, 2024",https://product-images.metro.ca/images/h95/h2a/8837164793886.jpg,https://www.metro.ca/en/online-grocery/search-page-110
LE GRAND,Classic Pesto Sauce,170 g,"$8.99
 ea.",,$5.29 /100g,,,https://product-images.metro.ca/images/h6a/h1a/9533565632542.jpg,https://www.metro.ca/en/online-grocery/search-page-110
SELECTION,Celery Salt,150 g,"$1.99
 ea.",,$1.33 /100g,,,https://product-images.metro.ca/images/h38/h3d/9096933605406.jpg,https://www.metro.ca/en/online-grocery/search-page-110
VH,"Strong Garlic Rib Cooking Sauce, Chinese",341 mL,"2 / 
$8.00",,$1.17 /100ml,"Regular price
$4.69  ea.","Valid until Jan 24, 2024",,https://www.metro.ca/en/online-grocery/search-page-110
DARE,"Baked Apple Soft Cookies, Bear Paws",240 g,"$4.69
 ea.",,$1.95 /100g,,,,https://www.metro.ca/en/online-grocery/search-page-110
ST-HUBERT,Cream Of Leek And Chicken Ready To Serve Soup,540 mL,"$3.99
 ea.",,$0.74 /100ml,,,https://product-images.metro.ca/images/h04/h99/10402340208670.jpg,https://www.metro.ca/en/online-grocery/search-page-110
METROGO!,Meatball Stew,,"$7.73
 avg. ea.",(370 g avg.),$20.90 /kg$9.48 /lb.,"Regular price
$21.90  avg. kg","Valid until Jan 17, 2024",https://product-images.metro.ca/images/h45/ha0/10269063577630.jpg,https://www.metro.ca/en/online-grocery/search-page-110
DARE,"Lemon Cream Cookies, Ultimate",290 g,"2 / 
$7.00",,$1.21 /100g,"Regular price
$4.29  ea.","Valid until Jan 24, 2024",,https://www.metro.ca/en/online-grocery/search-page-110
IRRESISTIBLES,Cranberry Juice Blend,1.89 L,"$4.49
 ea.",,$0.24 /100ml,"Regular price
$4.99  ea.","Valid until Jan 24, 2024",https://product-images.metro.ca/images/hf5/he1/10946090401822.jpg,https://www.metro.ca/en/online-grocery/search-page-110
METROGO!,Deluxe Mixed Vegetable With Ranch Dip,,"$9.99
 ea.",,$1.90 /100g,,,https://product-images.metro.ca/images/he0/h6f/8837310152734.jpg,https://www.metro.ca/en/online-grocery/search-page-110
RENÉE'S GOURMET,Mediterranean Greek Dressing And Marinade,350 mL,"$5.99
 ea.",,$1.71 /100ml,,,https://product-images.metro.ca/images/h01/h9e/9986761392158.jpg,https://www.metro.ca/en/online-grocery/search-page-110
NATREL,"Skim Milk, Fine-Filtered",4 L,"$9.69
 ea.",,$0.24 /100ml,,,,https://www.metro.ca/en/online-grocery/search-page-110
SELECTION,Unscented Clumping Cat Litter,10 kg,"$9.99
 ea.",,$0.10 /100g,,,https://product-images.metro.ca/images/hc1/hd8/11332986994718.jpg,https://www.metro.ca/en/online-grocery/search-page-110
SNACK PACK,No Sugar Added Vanilla Pudding Cups,4x99 g,"$2.99
 ea.",,$0.75 /un.,,,https://product-images.metro.ca/images/hd4/h18/9632939638814.jpg,https://www.metro.ca/en/online-grocery/search-page-110
WALLAROO TRAIL,"Australian White Wine, BIN 313",500 mL,"$9.49
 ea.",,$1.90 /100ml,,,,https://www.metro.ca/en/online-grocery/search-page-110
METROGO!,Cantaloupe Slices,Approximately 6 slices,"$3.99
 ea.",,$0.76 /100g,,,https://product-images.metro.ca/images/h41/h4b/8948382203934.jpg,https://www.metro.ca/en/online-grocery/search-page-110
RED OVAL FARMS,Stoned Wheat Thins,300 g,"$4.49
 ea.",,$1.50 /100g,,,https://product-images.metro.ca/images/he3/h00/11432665350174.jpg,https://www.metro.ca/en/online-grocery/search-page-111
SELECTION,Chicken Flavoured Instant Noodle Soup,65 g,"$1.00
 ea.",,$1.54 /100g,"Regular price
$1.29  ea.","Valid until Jan 24, 2024",https://product-images.metro.ca/images/h23/hc5/9518608023582.jpg,https://www.metro.ca/en/online-grocery/search-page-111
SELECTION,Pecan Halves,100 g,"$5.29
 ea.",,$5.29 /100g,,,https://product-images.metro.ca/images/hec/h0a/11521171259422.jpg,https://www.metro.ca/en/online-grocery/search-page-111
FRISKIES,"Salmon Wet Cat Food, Pâté",156 g,"$1.49
 ea.",,$0.96 /100g,,,,https://www.metro.ca/en/online-grocery/search-page-111
IRRESISTIBLES,Frozen Raw Pacific White Shrimp And Bay Scallops,340 g,"$12.99
 ea.",,$3.82 /100g,,,https://product-images.metro.ca/images/hf1/h28/11133635133470.jpg,https://www.metro.ca/en/online-grocery/search-page-111
FROMAGERIE BERGERON,Le Fin Renard Surface Firm Lactose Free Cheese,170 g,"$7.99
 ea.",,$4.70 /100g,"Regular price
$8.99  ea.","Valid until Jan 10, 2024",https://product-images.metro.ca/images/hc5/haf/11511539204126.jpg,https://www.metro.ca/en/online-grocery/search-page-111
LIPTON,Beef Vegetable Soup Mix,2 un,"$2.69
 ea.",,$1.35 /un.,,,https://product-images.metro.ca/images/h1b/hea/11381602877470.jpg,https://www.metro.ca/en/online-grocery/search-page-111
LACTANTIA,0% Lactose Free Skim Milk,2 L,"$5.79
 ea.",,$0.29 /100ml,"Regular price
$6.49  ea.","Valid until Jan 10, 2024",https://product-images.metro.ca/images/ha5/h5c/11354255556638.jpg,https://www.metro.ca/en/online-grocery/search-page-111
NESCAFÉ,French Vanilla Instant Coffee,100 g,"$8.49
 ea.",,$8.49 /100g,,,https://product-images.metro.ca/images/hb8/h49/11477841674270.jpg,https://www.metro.ca/en/online-grocery/search-page-111
SELECTION,White Kidney Beans,540 mL,"$2.49
 ea.",,$0.46 /100ml,,,https://product-images.metro.ca/images/h38/ha3/11188448985118.jpg,https://www.metro.ca/en/online-grocery/search-page-111
WRIGLEY'S,"Tingling Spearmint™ Flavoured Rain Sugar-Free Gum, 5",1 un,"$2.79
 ea.",,$2.79 /un.,,,,https://www.metro.ca/en/online-grocery/search-page-111
SAPUTO,Shredded Parmesan Cheese,170 g,"$5.99
 ea.",,$3.52 /100g,"Regular price
$7.49  ea.","Valid until Jan 17, 2024",https://product-images.metro.ca/images/h09/h6f/10792027062302.jpg,https://www.metro.ca/en/online-grocery/search-page-111
SELECTION,Chewy Chocolate Fudge Granola Bars,5 bars,"$2.99
 ea.",,$1.74 /100g,,,https://product-images.metro.ca/images/ha7/h3a/10421688336414.jpg,https://www.metro.ca/en/online-grocery/search-page-111
SELECTION,Multi-Coloured Miniature Marshmallows,250 g,"$2.79
 ea.",,$1.12 /100g,,,https://product-images.metro.ca/images/h63/h5f/11521068859422.jpg,https://www.metro.ca/en/online-grocery/search-page-111
METROGO!,Strawberries And Kiwis,,"$5.99
 ea.",,$1.56 /100g,,,https://product-images.metro.ca/images/hba/hcf/8837355307038.jpg,https://www.metro.ca/en/online-grocery/search-page-111
SELECTION,Italian Style Stewed Tomatoes,540 ml,"$1.99
 ea.",,$0.37 /100ml,"Regular price
$2.19  ea.","Valid until Jan 24, 2024",https://product-images.metro.ca/images/hb2/h19/9518761017374.jpg,https://www.metro.ca/en/online-grocery/search-page-111
,"Grain-Fed Veal Shank, Osso Buco",1 per tray,"$9.37
 avg. ea.",(250 g avg.),$37.46 /kg$16.99 /lb.,,,https://product-images.metro.ca/images/hd0/h87/9276194455582.jpg,https://www.metro.ca/en/online-grocery/search-page-111
LE GRAND,Garden Pesto Sauce,170 g,"$8.99
 ea.",,$5.29 /100g,,,https://product-images.metro.ca/images/h12/h4c/9533531553822.jpg,https://www.metro.ca/en/online-grocery/search-page-111
METROGO!,Tortellini With Rosée Sauce,,"$6.33
 avg. ea.",(265 g avg.),$23.90 /kg$10.84 /lb.,,,https://product-images.metro.ca/images/haa/h09/11926682894366.jpg,https://www.metro.ca/en/online-grocery/search-page-111
STARBUCKS,Dark Roast Caffè Verona® Ground Coffee,340 g,"$13.29
 ea.",,$3.91 /100g,,,https://product-images.metro.ca/images/h56/hd7/12266492035102.jpg,https://www.metro.ca/en/online-grocery/search-page-111
NICOLAS LALOUX,Grapefruit Rosé Wine Beverage,1 L,"$10.99
 ea.",,$1.10 /100ml,,,https://product-images.metro.ca/images/h03/h90/11477864382494.jpg,https://www.metro.ca/en/online-grocery/search-page-111
SELECTION,Condensed Vegetable Soup,284 mL,"2 / 
$2.22",,$0.39 /100ml,"Regular price
$1.59  ea.","Valid until Jan 24, 2024",https://product-images.metro.ca/images/h37/h7f/10319470002206.jpg,https://www.metro.ca/en/online-grocery/search-page-111
ESTA,Poutine Sauce,398 mL,"$2.49
 ea.",,$0.63 /100ml,"Regular price
$3.29  ea.","Valid until Jan 10, 2024",https://product-images.metro.ca/images/h6d/h30/11281586847774.jpg,https://www.metro.ca/en/online-grocery/search-page-111
SELECTION,Peach Flavoured Beverage,2 L,"$2.69
 ea.",,$0.13 /100ml,,,https://product-images.metro.ca/images/hc8/h15/11520990609438.jpg,https://www.metro.ca/en/online-grocery/search-page-111
NESCAFÉ,"Espresso Instant Coffee With Crema, Gold",100 g,"$8.99
 ea.",,$8.99 /100g,,,,https://www.metro.ca/en/online-grocery/search-page-111
SELECTION,Orange Burst Juice Blend From Concentrate,1 L,"$1.49
 ea.",,$0.15 /100ml,"Regular price
$1.89  ea.","Valid until Jan 24, 2024",https://product-images.metro.ca/images/h87/h09/11351640342558.jpg,https://www.metro.ca/en/online-grocery/search-page-111
SELECTION,Chives,5.5 g,"$1.99
 ea.",,$36.18 /100g,,,https://product-images.metro.ca/images/hd9/h51/9096950120478.jpg,https://www.metro.ca/en/online-grocery/search-page-111
CLUB HOUSE,Artificial Vanilla Extract,43 mL,"$3.99
 ea.",,$9.28 /100ml,,,https://product-images.metro.ca/images/h75/h09/11761478172702.jpg,https://www.metro.ca/en/online-grocery/search-page-111
SUWONG,Chow Mein Sauce Mix,43 g,"$1.99
 ea.",,$4.63 /100g,"Regular price
$2.39  ea.","Valid until Jan 24, 2024",https://product-images.metro.ca/images/hb2/h48/9526707781662.jpg,https://www.metro.ca/en/online-grocery/search-page-111
,Oatmeal Cookie,165 g,"$2.99
 ea.",,$1.81 /100g,,,https://product-images.metro.ca/images/hba/hf2/8861391487006.jpg,https://www.metro.ca/en/online-grocery/search-page-111
METROGO!,"Carrot, Cheese And Spinach Stuffed Beef Pinwheels",2 rosettes per tray,"$6.94
 avg. ea.",(300 g avg.),$23.13 /kg$10.49 /lb.,"Regular price
$24.23  avg. kg","Valid until Jan 10, 2024",https://product-images.metro.ca/images/h4a/h50/8886486663198.jpg,https://www.metro.ca/en/online-grocery/search-page-112
GENERAL MILLS,"Apple-Cinnamon Cereal Value Pack, Cheerios",778 g,"$8.99
 ea.",,$1.16 /100g,,,,https://www.metro.ca/en/online-grocery/search-page-112
SELECTION,Capellini Pasta,900 g,"$1.47
 ea.",,$0.16 /100g,"Regular price
$2.99  ea.","Valid until Jan 10, 2024",https://product-images.metro.ca/images/h77/h59/10402322448414.jpg,https://www.metro.ca/en/online-grocery/search-page-112
MILL STREET BREWERY,Organic Lager Beer,473 mL - can,"$3.99
 ea.",,$0.84 /100ml,,,https://product-images.metro.ca/images/h7a/h7c/8884982349854.jpg,https://www.metro.ca/en/online-grocery/search-page-112
KELLOGG'S,"Chocolate Flavoured Cereal, Krave",323 g,"$4.49
 ea.",,$1.39 /100g,"Regular price
$6.79  ea.","Valid until Feb 7, 2024",,https://www.metro.ca/en/online-grocery/search-page-112
SELECTION,Extra Butter Flavoured Pop Corn,564 g,"$4.79
 ea.",,$0.85 /100g,,,https://product-images.metro.ca/images/h68/h22/11521068466206.jpg,https://www.metro.ca/en/online-grocery/search-page-112
SELECTION,Mellow Instant Coffee,200 g,"$4.49
 ea.",,$2.25 /100g,"Regular price
$5.49  ea.","Valid until Feb 7, 2024",https://product-images.metro.ca/images/h51/he3/8946302615582.jpg,https://www.metro.ca/en/online-grocery/search-page-112
BUDWEISER,Blonde Lager Beer,6x355 mL - cans,"$12.99
 ea.",,$0.61 /100ml,,,https://product-images.metro.ca/images/h7a/h99/10433020657694.jpg,https://www.metro.ca/en/online-grocery/search-page-112
KIKKOMAN,Soy Sauce With Less Sodium,591 mL,"$11.99
 ea.",,$2.03 /100ml,,,https://product-images.metro.ca/images/hea/h49/11937057570846.jpg,https://www.metro.ca/en/online-grocery/search-page-112
IRRESISTIBLES,Frozen New York Style Cheesecake,600 g (serves 6),"$15.49
 ea.",,$2.58 /100g,"Regular price
$17.49  ea.","Valid until Jan 10, 2024",https://product-images.metro.ca/images/hd7/hf4/8861760913438.jpg,https://www.metro.ca/en/online-grocery/search-page-112
SELECTION,Bread And Butter Pickles,1 L,"$3.79
 ea.",,$0.38 /100ml,"Regular price
$4.29  ea.","Valid until Jan 24, 2024",https://product-images.metro.ca/images/h70/ha3/8825609388062.jpg,https://www.metro.ca/en/online-grocery/search-page-112
PARIS PÂTÉ,"Ham, Veal, Bacon & Tomato Paté",78 g,"$3.19
 ea.",,$4.09 /100g,,,https://product-images.metro.ca/images/hff/h34/9847245242398.jpg,https://www.metro.ca/en/online-grocery/search-page-112
CLUB HOUSE,Black Peppercorn Grinder,35 g,"$3.29
 ea.",,$9.40 /100g,,,https://product-images.metro.ca/images/h0b/h05/10421690466334.jpg,https://www.metro.ca/en/online-grocery/search-page-112
LIBERTÉ,2% Coconut Flavoured Greek Yogurt,750 g,"$5.97
 ea.",,$0.80 /100g,"Regular price
$8.29  ea.","Valid until Jan 10, 2024",https://product-images.metro.ca/images/h62/hce/12354420113438.jpg,https://www.metro.ca/en/online-grocery/search-page-112
CLARK,Maple Style Beans,227 mL,"$2.49
 ea.",,$1.10 /100ml,,,https://product-images.metro.ca/images/h36/h3d/9811241795614.jpg,https://www.metro.ca/en/online-grocery/search-page-112
SNACK PACK,"Lemon Meringue Pie Flavoured Pudding Cups, Bakery Shop",4x99 g,"$2.99
 ea.",,$0.75 /un.,,,,https://www.metro.ca/en/online-grocery/search-page-112
TIM HORTONS,Dark Roast Ground Coffee,300 g,"$10.49
 ea.",,$3.50 /100g,,,https://product-images.metro.ca/images/h76/ha8/11272661958686.jpg,https://www.metro.ca/en/online-grocery/search-page-112
IRRESISTIBLES,Tartar Sauce,250 mL,"$5.49
 ea.",,$2.20 /100ml,"Regular price
$5.99  ea.","Valid until Jan 17, 2024",https://product-images.metro.ca/images/hd8/h2c/9518645706782.jpg,https://www.metro.ca/en/online-grocery/search-page-112
WALLAROO TRAIL,"Australian Red Wine, BIN 212",4 L,"$48.49
 ea.",,$1.21 /100ml,,,,https://www.metro.ca/en/online-grocery/search-page-112
MAPLE LEAF,Flakes Of Ham,156 g,"$3.29
 ea.",,$2.11 /100g,"Regular price
$4.19  ea.","Valid until Jan 24, 2024",https://product-images.metro.ca/images/ha7/hd8/11432708341790.jpg,https://www.metro.ca/en/online-grocery/search-page-112
PALMOLIVE,"Liquid Dish Soap, Ultra",591 mL,"$2.99
 ea.",,$0.51 /100ml,"Regular price
$3.99  ea.","Valid until Feb 7, 2024",,https://www.metro.ca/en/online-grocery/search-page-112
SELECTION,Lime Jelly Powder,85 g,"$0.99
 ea.",,$1.16 /100g,,,https://product-images.metro.ca/images/h56/h8e/8959519457310.jpg,https://www.metro.ca/en/online-grocery/search-page-112
,"BBQ Bone-In Pork Chop, Family Pack",4 chops per tray,"$19.42
 avg. ea.","(1,400 g avg.)",$13.87 /kg$6.29 /lb.,,,https://product-images.metro.ca/images/h3e/hd1/9040340779038.jpg,https://www.metro.ca/en/online-grocery/search-page-112
DORITOS,"Cheese Flavoured Tortilla Chips, Nacho",80 g,"$2.19
 ea.",,$2.74 /100g,,,,https://www.metro.ca/en/online-grocery/search-page-112
CHEF LELARGE,"Béchamel Sauce Mix, Fine Cuisine",40 g,"3 / 
$5.00",,$4.17 /100g,"Regular price
$2.69  ea.","Valid until Jan 10, 2024",,https://www.metro.ca/en/online-grocery/search-page-112
HIGH LINER,"Frozen Breaded Haddock Fillets, Pan-Sear Selects",500 g,"$18.99
 ea.",,$3.80 /100g,,,,https://www.metro.ca/en/online-grocery/search-page-112
SELECTION,Cayenne Pepper,80 g,"$2.49
 ea.",,$3.11 /100g,,,https://product-images.metro.ca/images/hbd/ha1/9651771375646.jpg,https://www.metro.ca/en/online-grocery/search-page-112
LINDT,"Extra Creamy Milk Chocolate Bar, Excellence",100 g,"$5.29
 ea.",,$5.29 /100g,,"Valid until Jan 10, 2024",,https://www.metro.ca/en/online-grocery/search-page-112
WINGS,"Oriental Style Noodles, Yet-Ca-Mein",500 g,"$3.79
 ea.",,$0.76 /100g,,,,https://www.metro.ca/en/online-grocery/search-page-112
MAPLE LEAF,Reduced Salt Flakes Of Ham,156 g,"$3.29
 ea.",,$2.11 /100g,"Regular price
$4.19  ea.","Valid until Jan 24, 2024",https://product-images.metro.ca/images/h4e/ha9/11432712175646.jpg,https://www.metro.ca/en/online-grocery/search-page-112
LISTERINE,Mild Mint Flavoured Zero™ Alcohol Free Antiseptic Mo...,1 L,"$10.49
 ea.",,$1.05 /100ml,,,,https://www.metro.ca/en/online-grocery/search-page-113
POGO,Frozen Original Cooked Weiners On A Stick,"10 wieners, 750 g","$12.99
 ea.",,$1.73 /100g,"Regular price
$13.99  ea.","Valid until Jan 17, 2024",https://product-images.metro.ca/images/hc1/h6d/9526404415518.jpg,https://www.metro.ca/en/online-grocery/search-page-113
PARIS PÂTÉ,Pork Chicken & Veal Paté,78 g,"$3.19
 ea.",,$4.09 /100g,,,https://product-images.metro.ca/images/h15/h4f/11492988026910.jpg,https://www.metro.ca/en/online-grocery/search-page-113
M'LORD,Whole Quartered Mandarin Oranges In A Light Syrup,284 mL,"$1.69
 ea.",,$0.60 /100ml,"Regular price
$1.99  ea.","Valid until Feb 7, 2024",https://product-images.metro.ca/images/h99/hec/8824336220190.jpg,https://www.metro.ca/en/online-grocery/search-page-113
ROBIN HOOD,Homestyle White Bread Flour,2.5 kg,"$6.49
 ea.",,$0.26 /100g,"Regular price
$7.49  ea.","Valid until Feb 7, 2024",https://product-images.metro.ca/images/h61/h0f/10475406983198.jpg,https://www.metro.ca/en/online-grocery/search-page-113
HAMBURGER HELPER,Beef Noodle,200 g,"2 / 
$5.50",,$1.38 /100g,"Regular price
$3.69  ea.","Valid until Jan 24, 2024",https://product-images.metro.ca/images/hc2/h01/11761491247134.jpg,https://www.metro.ca/en/online-grocery/search-page-113
CHAPMAN'S,"Lactose Free Vanilla Ice Cream, No Sugar Added",1 L,"$6.29
 ea.",,$0.63 /100ml,"Regular price
$6.99  ea.","Valid until Feb 14, 2024",,https://www.metro.ca/en/online-grocery/search-page-113
JANES,Frozen Panko Breaded Sole Fillets,"5-7 fillets, 590 g","$22.99
 ea.",,$3.90 /100g,,,https://product-images.metro.ca/images/he5/h9d/10201519325214.jpg,https://www.metro.ca/en/online-grocery/search-page-113
NONGSHIM,"Spicy Chicken Flavoured Instant Noodle Soup, Bowl No...",86 g,"$1.99
 ea.",,$2.31 /100g,,,,https://www.metro.ca/en/online-grocery/search-page-113
METROGO!,Sirloin Pork Skewers,4 souvlaki per tray,"$15.75
 avg. ea.",(650 g avg.),$24.23 /kg$10.99 /lb.,,,https://product-images.metro.ca/images/h3e/haa/9233875042334.jpg,https://www.metro.ca/en/online-grocery/search-page-113
KNORR,"Parmesan Pesto Pasta, Sidekicks",135 g,"3 / 
$7.00",,$1.73 /100g,"Regular price
$2.79  ea.","Valid until Jan 24, 2024",,https://www.metro.ca/en/online-grocery/search-page-113
NICOLAS LALOUX,"Raspberry Rosé Wine Beverage, Passion Raspberry",1 L,"$10.99
 ea.",,$1.10 /100ml,,,,https://www.metro.ca/en/online-grocery/search-page-113
SELECTION,"Soft Drink, Club Soda",1 L,"$1.39
 ea.",,$0.14 /100ml,,,,https://www.metro.ca/en/online-grocery/search-page-113
FERRERO,"Fine Hazelnut Chocolates, Rocher",3x12.5 g,"$1.99
 ea.",,$5.31 /100g,,,,https://www.metro.ca/en/online-grocery/search-page-113
TOSTITOS,"Blue Corn Tortilla Chips, Simply",240 g,"$5.49
 ea.",,$2.42 /100g,,,,https://www.metro.ca/en/online-grocery/search-page-113
IRRESISTIBLES,Frozen Salt And Pepper Seasoned Breaded Calamari,340 g,"$9.99
 ea.",,$2.94 /100g,,,https://product-images.metro.ca/images/h02/hf0/11521133183006.jpg,https://www.metro.ca/en/online-grocery/search-page-113
MICHELINA'S,Frozen Lasagna Alfredo,255 g,"2 / 
$5.00",,$0.98 /100g,"Regular price
$3.69  ea.","Valid until Feb 14, 2024",https://product-images.metro.ca/images/he3/h8e/11760046374942.jpg,https://www.metro.ca/en/online-grocery/search-page-113
,Double Chocolate Cookies,10x38g,"$6.99
 ea.",,$1.84 /100g,,,https://product-images.metro.ca/images/hd1/h5e/8936147353630.jpg,https://www.metro.ca/en/online-grocery/search-page-113
SELECTION,Strawberry Jam,500 mL,"$3.99
 ea.",,$0.80 /100ml,"Regular price
$4.79  ea.","Valid until Feb 7, 2024",https://product-images.metro.ca/images/h39/h8b/9518642724894.jpg,https://www.metro.ca/en/online-grocery/search-page-113
CATELLI,"Thick And Chunky Country Mushroom Pasta Sauce, Garde...",640 mL,"$2.99
 ea.",,$0.47 /100ml,"Regular price
$3.99  ea.","Valid until Jan 24, 2024",,https://www.metro.ca/en/online-grocery/search-page-113
CASCADES,"2-Ply Extreme Absorption Paper Towels, Tuff",6x88 sheets,"$9.49
 ea.",,$1.80 /100sheet,"Regular price
$10.29  ea.","Valid until Feb 7, 2024",,https://www.metro.ca/en/online-grocery/search-page-113
CEDAR,Chick Peas,540 mL,"$1.99
 ea.",,$0.37 /100ml,"Regular price
$2.79  ea.","Valid until Jan 24, 2024",https://product-images.metro.ca/images/h35/h04/9719608377374.jpg,https://www.metro.ca/en/online-grocery/search-page-113
LISTERINE,Fresh Burst® Antiseptic Mouthwash,1 L,"$10.49
 ea.",,$1.05 /100ml,,,https://product-images.metro.ca/images/he9/h99/9521626644510.jpg,https://www.metro.ca/en/online-grocery/search-page-113
BLUEWATER SEAFOODS,Frozen Breaded Tail-Off Popcorn Shrimp,325 g,"$8.99
 ea.",,$2.77 /100g,"Regular price
$12.99  ea.","Valid until Jan 10, 2024",https://product-images.metro.ca/images/ha9/ha4/12048165928990.jpg,https://www.metro.ca/en/online-grocery/search-page-113
LACTANTIA,35 % Fat Cooking Cream,237 ml,"$4.49
 ea.",,$1.89 /100ml,,,https://product-images.metro.ca/images/h12/h16/11307112497182.jpg,https://www.metro.ca/en/online-grocery/search-page-113
VH,"General Tao Stir-Fry Sauce, Chinese",355 mL,"2 / 
$8.00",,$1.13 /100ml,"Regular price
$4.69  ea.","Valid until Jan 24, 2024",,https://www.metro.ca/en/online-grocery/search-page-113
QUAKER,Gluten-Free Oats,511 g,"$6.29
 ea.",,$1.23 /100g,,,https://product-images.metro.ca/images/h92/h01/12279440801822.jpg,https://www.metro.ca/en/online-grocery/search-page-113
SELECTION,Orange Flavoured Soft Drink,2 L,"$2.29
 ea.",,$0.11 /100ml,,,https://product-images.metro.ca/images/hc6/h1c/10367564709918.jpg,https://www.metro.ca/en/online-grocery/search-page-113
CASTELLO,Creamy Havarti Cheese,200 g,"$8.00
 ea.",,$4.00 /100g,"Regular price
$8.49  ea.","Valid until Jan 10, 2024",https://product-images.metro.ca/images/h5f/hff/10470704447518.jpg,https://www.metro.ca/en/online-grocery/search-page-113
MR. NOODLES,Spicy Chicken Flavoured Instant Noodles Cup,64 g,"$1.29
 ea.",,$2.02 /100g,"Regular price
$1.49  ea.","Valid until Jan 24, 2024",https://product-images.metro.ca/images/h58/h53/10170643841054.jpg,https://www.metro.ca/en/online-grocery/search-page-113
IRRESISTIBLES,"Deep Dish No Cinnamon Apple Pie, Artisan",1 kg,"$7.99
 ea.",,$0.80 /100g,"Regular price
$10.49  ea.","Valid until Jan 10, 2024",,https://www.metro.ca/en/online-grocery/search-page-114
CRAVE,Frozen White Cheddar Macaroni And Cheese With Bacon,300 g,"$4.99
 ea.",,$1.66 /100g,"Regular price
$5.99  ea.","Valid until Feb 14, 2024",https://product-images.metro.ca/images/h06/h04/11412569849886.jpg,https://www.metro.ca/en/online-grocery/search-page-114
SELECTION,Orange Jelly Powder,85 g,"$0.99
 ea.",,$1.16 /100g,,,https://product-images.metro.ca/images/h47/h82/8844787154974.jpg,https://www.metro.ca/en/online-grocery/search-page-114
PARLOUR,Strawberry Flavoured Frozen Dessert,1.5 L,"$5.99
 ea.",,$0.40 /100ml,,,https://product-images.metro.ca/images/h30/h36/11191532978206.jpg,https://www.metro.ca/en/online-grocery/search-page-114
SELECTION,Frozen Chicken Egg Rolls,570 g,"$6.99
 ea.",,$1.23 /100g,,,https://product-images.metro.ca/images/ha3/hb8/9096918794270.jpg,https://www.metro.ca/en/online-grocery/search-page-114
MONTELLIER,Lemon Flavoured Carbonated Natural Spring Water,6x1 L,"$6.99
 ea.",,$0.12 /100ml,,,https://product-images.metro.ca/images/h8a/hd1/11535833301022.jpg,https://www.metro.ca/en/online-grocery/search-page-114
BERTOLLI,"Olive Oil, Extra Light Taste",500 mL,"$12.49
 ea.",,$2.50 /100ml,,,,https://www.metro.ca/en/online-grocery/search-page-114
RITZ,Original Crackers,350 g,"$6.49
 ea.",,$1.85 /100g,,,https://product-images.metro.ca/images/h13/h5c/11068781723678.jpg,https://www.metro.ca/en/online-grocery/search-page-114
KRAFT,Calorie-Wise Original Bbq Sauce,455 mL,"$3.99
 ea.",,$0.88 /100ml,,,https://product-images.metro.ca/images/hd2/had/9986920022046.jpg,https://www.metro.ca/en/online-grocery/search-page-114
METROGO!,Egg Spread Sandwich,,"$5.49
 ea.",,$2.39 /100g,,,https://product-images.metro.ca/images/h5d/h82/8821198848030.jpg,https://www.metro.ca/en/online-grocery/search-page-114
SELECTION,Gala Crackers,250 g,"$3.79
 ea.",,$1.52 /100g,,,https://product-images.metro.ca/images/hb6/h7c/10822683164702.jpg,https://www.metro.ca/en/online-grocery/search-page-114
GASPÉSIEN,Cretons,300 g,"$7.49
 ea.",,$2.50 /100g,,,https://product-images.metro.ca/images/he9/h80/11449503612958.jpg,https://www.metro.ca/en/online-grocery/search-page-114
PRÉSIDENT,Brie Cheese,190 g,"$7.99
 ea.",,$4.21 /100g,"Regular price
$8.99  ea.","Valid until Jan 17, 2024",https://product-images.metro.ca/images/hcd/h05/11461800263710.jpg,https://www.metro.ca/en/online-grocery/search-page-114
HEALTHY CHOICE,"Grilled Basil Chicken With Linguini & Vegetables, Go...",301 g,"$5.99
 ea.",,$1.99 /100g,,,,https://www.metro.ca/en/online-grocery/search-page-114
PREMIÈRE MOISSON,Organic Spelt Bread,575 g,"$6.99
 ea.",,$1.22 /100g,,,https://product-images.metro.ca/images/ha5/hc0/10342843514910.jpg,https://www.metro.ca/en/online-grocery/search-page-114
QUAKER,"Brown Sugar Instant Oatmeal, Dino Eggs",8x38 g,"$3.49
 ea.",,$1.15 /100g,"Regular price
$4.99  ea.","Valid until Feb 7, 2024",,https://www.metro.ca/en/online-grocery/search-page-114
MINUTE RICE,Ready-To-Serve Chicken-Style Flavoured Long Grain An...,2x125 g,"2 / 
$5.50",,$1.10 /100g,"Regular price
$3.29  ea.","Valid until Jan 24, 2024",,https://www.metro.ca/en/online-grocery/search-page-114
MARZETTI,Spinach Veggie Dip,340 g,"$4.99
 ea.",,$1.47 /100g,"Regular price
$5.99  ea.","Valid until Jan 17, 2024",https://product-images.metro.ca/images/h79/hfa/9527139827742.jpg,https://www.metro.ca/en/online-grocery/search-page-114
DELVERDE,Linguine N°11,450 g,"2 / 
$5.00",,$0.56 /100g,"Regular price
$3.99  ea.","Valid until Jan 24, 2024",https://product-images.metro.ca/images/h3e/h76/9530126204958.jpg,https://www.metro.ca/en/online-grocery/search-page-114
CRUSH,Orange Flavoured Soft Drink,2 L,"2 / 
$6.00",,$0.15 /100ml,"Regular price
$3.49  ea.","Valid until Jan 24, 2024",https://product-images.metro.ca/images/hbd/haf/10135768268830.jpg,https://www.metro.ca/en/online-grocery/search-page-114
MPK FOODS,Glaze Mix For Fresh Strawberries,28 g,"2 / 
$5.00",,$8.93 /100g,,,https://product-images.metro.ca/images/he2/hce/8831668846622.jpg,https://www.metro.ca/en/online-grocery/search-page-114
NABOB,"Cappucino Coffee T Discs, Tassimo",8 un,"$10.49
 ea.",,$1.31 /un.,,,,https://www.metro.ca/en/online-grocery/search-page-114
CORDON BLEU,"Poutine Sauce, Classics",398 mL,"$2.49
 ea.",,$0.63 /100ml,"Regular price
$3.79  ea.","Valid until Jan 10, 2024",,https://www.metro.ca/en/online-grocery/search-page-114
MCCAIN,Frozen Pepperoni Pizza Pockets,600 g,"$7.79
 ea.",,$1.30 /100g,"Regular price
$8.99  ea.","Valid until Feb 14, 2024",https://product-images.metro.ca/images/haa/h1a/12227451650078.jpg,https://www.metro.ca/en/online-grocery/search-page-114
BAKER'S,Unsweetened Baking Chocolate Squares,225 g,"$6.49
 ea.",,$2.88 /100g,,,https://product-images.metro.ca/images/h34/h6c/11761483874334.jpg,https://www.metro.ca/en/online-grocery/search-page-114
ANNIE'S,Rice Pasta And Cheddar,170 g,"$4.49
 ea.",,$2.64 /100g,,,https://product-images.metro.ca/images/h70/hb3/11693746683934.jpg,https://www.metro.ca/en/online-grocery/search-page-114
LINDT,"Crunchy Milk Chocolate Bar, Swiss Classic",100 g,"$3.49
 ea.",,$3.49 /100g,"Regular price
$3.99  ea.","Valid until Jan 24, 2024",,https://www.metro.ca/en/online-grocery/search-page-114
RENÉE'S GOURMET,Creamy Caesar Vinaigrette With Fresh Garlic And Parm...,350 mL,"$5.99
 ea.",,$1.71 /100ml,,,,https://www.metro.ca/en/online-grocery/search-page-114
BETTY CROCKER,"Vanilla Frosting, Whipped",340 g,"$2.00
 ea.",,$0.59 /100g,"Regular price
$2.99  ea.","Valid until Feb 7, 2024",,https://www.metro.ca/en/online-grocery/search-page-114
OLIVIERI,Rosé Sauce,600 mL,"$8.49
 ea.",,$1.42 /100ml,"Regular price
$8.99  ea.","Valid until Jan 17, 2024",https://product-images.metro.ca/images/he3/hfa/10685913530398.jpg,https://www.metro.ca/en/online-grocery/search-page-114
ESTA,Barbecue Sauce,398 mL,"$2.49
 ea.",,$0.63 /100ml,"Regular price
$3.29  ea.","Valid until Jan 10, 2024",https://product-images.metro.ca/images/h44/hca/11281583177758.jpg,https://www.metro.ca/en/online-grocery/search-page-115
FRISKIES,"Chicken Wet Cat Food, Pâté",156 g,"$1.49
 ea.",,$0.96 /100g,,,,https://www.metro.ca/en/online-grocery/search-page-115
BRITA,Replacement Filters,3 un,"$27.49
 ea.",,$9.16 /un.,,,https://product-images.metro.ca/images/h86/h63/12122097025054.jpg,https://www.metro.ca/en/online-grocery/search-page-115
METROGO!,Maple Salmon Gravlax,,"$5.73
 / 100 g",,$57.30 /kg$25.99 /lb.,,,https://product-images.metro.ca/images/hb6/h82/11931008598046.jpg,https://www.metro.ca/en/online-grocery/search-page-115
PRÉSIDENT,Brie Cheese,,"$11.28
 avg. ea.",(226 g avg.),$49.90 /kg$22.63 /lb.,,,https://product-images.metro.ca/images/h00/h42/9203048972318.jpg,https://www.metro.ca/en/online-grocery/search-page-115
IRRESISTIBLES,Smoked Mussels,85 g,"$2.29
 ea.",,$2.69 /100g,"Regular price
$2.79  ea.","Valid until Jan 24, 2024",https://www.metro.ca/images/shared/placeholders/icon-no-picture.svg?v=2023.71.1.d1,https://www.metro.ca/en/online-grocery/search-page-115
LINDT,"Milk Chocolate Truffles, Lindor",36 g,"$1.89
 ea.",,$5.25 /100g,"Regular price
$2.29  ea.","Valid until Jan 24, 2024",,https://www.metro.ca/en/online-grocery/search-page-115
MINUTE MAID,Frozen Concentrated Home Squeezed Style Orange Juice,295 mL,"2 / 
$4.00",,$0.68 /100ml,"Regular price
$2.49  ea.","Valid until Jan 10, 2024",https://product-images.metro.ca/images/h66/h07/11735039344670.jpg,https://www.metro.ca/en/online-grocery/search-page-115
ST-HUBERT,Onion Gravy Mix,28 g,"3 / 
$5.00",,$5.95 /100g,"Regular price
$2.39  ea.","Valid until Jan 10, 2024",https://product-images.metro.ca/images/hb2/hdb/10170591346718.jpg,https://www.metro.ca/en/online-grocery/search-page-115
MONSTER,Ginseng Energy Drink,473 mL,"2 / 
$5.50",,$0.58 /100ml,"Regular price
$3.99  ea.","Valid until Jan 24, 2024",https://product-images.metro.ca/images/h66/ha5/10495611863070.jpg,https://www.metro.ca/en/online-grocery/search-page-115
BOUNCE,"Outdoor Fresh Fabric Softener Sheets, 4-In-1",80 sheets,"$6.99
 ea.",,$0.09 /load,,,,https://www.metro.ca/en/online-grocery/search-page-115
LYSOL,Spring Waterfall Disinfectant Wipes,35 un,"$3.79
 ea.",,$0.11 /un.,,,https://product-images.metro.ca/images/hab/he0/11022087847966.jpg,https://www.metro.ca/en/online-grocery/search-page-115
METROGO!,Seasoned Beef Strips,1 pack,"$7.27
 avg. ea.",(300 g avg.),$24.23 /kg$10.99 /lb.,,,https://product-images.metro.ca/images/h3c/h90/9233882185758.jpg,https://www.metro.ca/en/online-grocery/search-page-115
METROGO!,Garden Salad With Cheddar Cheese,Medium,"$4.99
 ea.",,$1.43 /100g,,,https://product-images.metro.ca/images/h3e/h0b/8837334073374.jpg,https://www.metro.ca/en/online-grocery/search-page-115
MORGAN HILL,New Zealand White Wine,750 mL,"$18.29
 ea.",,$2.44 /100ml,"Regular price
$19.99  ea.","Valid until Feb 7, 2024",https://product-images.metro.ca/images/h38/hde/8813649526814.jpg,https://www.metro.ca/en/online-grocery/search-page-115
MOLSON,"Ale Beer, Export",24x341 mL,"$36.99
 ea.",,$0.45 /100ml,,,,https://www.metro.ca/en/online-grocery/search-page-115
MARS,"Chocolate Candies, Maltesers",165 g,"$5.49
 ea.",,$3.33 /100g,"Regular price
$7.29  ea.","Valid until Jan 24, 2024",,https://www.metro.ca/en/online-grocery/search-page-115
IRRESISTIBLES,Chamomile Herbal Tea Bags,20 un,"$2.99
 ea.",,$0.15 /un.,"Regular price
$3.79  ea.","Valid until Jan 10, 2024",https://product-images.metro.ca/images/h4c/h25/9041390665758.jpg,https://www.metro.ca/en/online-grocery/search-page-115
PINE-SOL,Original Scented Multi-Surface Cleaner,1.41 L,"$6.79
 ea.",,$0.48 /100ml,,,https://product-images.metro.ca/images/hb5/hf7/11816781905950.jpg,https://www.metro.ca/en/online-grocery/search-page-115
FANCY FEAST,Salmon And Shrimp Cat Food Pâté,85 g,"$1.49
 ea.",,$1.75 /100g,,,https://product-images.metro.ca/images/h3a/h48/11511591043102.jpg,https://www.metro.ca/en/online-grocery/search-page-115
CRACKER JACK,Caramel-Coated Popcorn And Peanuts,200 g,"$4.99
 ea.",,$2.50 /100g,,,https://product-images.metro.ca/images/h1e/hc5/12279394238494.jpg,https://www.metro.ca/en/online-grocery/search-page-115
CAMPBELL'S,Pho Broth,900 mL,"$2.99
 ea.",,$0.33 /100ml,,,https://product-images.metro.ca/images/ha8/ha0/10029197656094.jpg,https://www.metro.ca/en/online-grocery/search-page-115
CAMPBELL'S,Ready To Use Gluten Free Mushroom Broth,900 mL,"$2.99
 ea.",,$0.33 /100ml,,,https://product-images.metro.ca/images/h9d/h3c/11693745242142.jpg,https://www.metro.ca/en/online-grocery/search-page-115
STACY'S,Parmesan Garlic And Herb Pita Chips,227 g,"$4.99
 ea.",,$2.20 /100g,,,https://product-images.metro.ca/images/hee/h41/10821285675038.jpg,https://www.metro.ca/en/online-grocery/search-page-115
KNORR,Béarnaise Sauce Mix,1 un,"$2.49
 ea.",,$2.49 /un.,,,https://product-images.metro.ca/images/h0b/hcb/11728530866206.jpg,https://www.metro.ca/en/online-grocery/search-page-115
SELECTION,Cherry Jelly Powder,85 g,"$0.99
 ea.",,$1.16 /100g,,,https://product-images.metro.ca/images/h59/h32/8845193150494.jpg,https://www.metro.ca/en/online-grocery/search-page-115
IRRESISTIBLES,"Original Dried Sausage, Artisan",300 g,"2 / 
$19.99",,or $11.49 ea. $3.33 /100g,,"Valid until Jan 10, 2024",,https://www.metro.ca/en/online-grocery/search-page-115
IRRESISTIBLES,Chocolate Chip & Banana Muffins,600 g,"$7.99
 ea.",,$1.33 /100g,,,https://product-images.metro.ca/images/h52/h05/9073797496862.jpg,https://www.metro.ca/en/online-grocery/search-page-115
ST-HUBERT,Autumn Harvest With Chicken,540 mL,"$3.99
 ea.",,$0.74 /100ml,,,https://product-images.metro.ca/images/hb2/h8b/10845157785630.jpg,https://www.metro.ca/en/online-grocery/search-page-115
SELECTION,Rigatoni Pasta,900 g,"$1.47
 ea.",,$0.16 /100g,"Regular price
$2.99  ea.","Valid until Jan 10, 2024",https://product-images.metro.ca/images/hb9/h52/10402330247198.jpg,https://www.metro.ca/en/online-grocery/search-page-115
OASIS,Pineapple Banana Orange Juice,960 mL,"$2.39
 ea.",,$0.25 /100ml,,,https://product-images.metro.ca/images/h55/h94/12174861893662.jpg,https://www.metro.ca/en/online-grocery/search-page-116
WRIGLEY'S,"Cooling Peppermint™ Flavoured Cobalt Sugar-Free Gum, 5",1 un,"$2.79
 ea.",,$2.79 /un.,,,,https://www.metro.ca/en/online-grocery/search-page-116
VOORTMAN,Strawberry Turnover Soft Cookies,300 g,"$3.49
 ea.",,$1.16 /100g,,,https://product-images.metro.ca/images/h9b/hc3/10959344107550.jpg,https://www.metro.ca/en/online-grocery/search-page-116
UNISOYA,Organic Fine Herbs Tofu,454 g,"$4.99
 ea.",,$1.10 /100g,,,https://product-images.metro.ca/images/h36/hab/10946116190238.jpg,https://www.metro.ca/en/online-grocery/search-page-116
BUTTERBALL,Seasoned Boneless Stuffed Turkey Breast,1.5 kg,"$33.99
 ea.",,$2.27 /100g,"Regular price
$34.99  ea.","Valid until Jan 17, 2024",https://product-images.metro.ca/images/h41/h0d/10471963525150.jpg,https://www.metro.ca/en/online-grocery/search-page-116
BILOPAGE,Original Recipe Cretons,200 g,"$6.49
 ea.",,$3.25 /100g,,,https://product-images.metro.ca/images/h54/he3/11449549291550.jpg,https://www.metro.ca/en/online-grocery/search-page-116
IRRESISTIBLES,Multigrain And Date Crisps,150 g,"3 / 
$11.97",,or $4.99 ea. $2.66 /100g,"Regular price
$5.99  ea.","Valid until Jan 24, 2024",https://product-images.metro.ca/images/h26/h81/9693802332190.jpg,https://www.metro.ca/en/online-grocery/search-page-116
LECLERC,"Chocolate Coated Brownies Chewy Bars, Choco Max",175 g,"$1.77
 ea.",,$1.01 /100g,"Regular price
$3.79  ea.","Valid until Jan 10, 2024",,https://www.metro.ca/en/online-grocery/search-page-116
BOLTHOUSE FARMS,100% Carrot Juice,946 mL,"$7.99
 ea.",,$0.84 /100ml,,,https://product-images.metro.ca/images/h81/h60/11754044850206.jpg,https://www.metro.ca/en/online-grocery/search-page-116
EVIAN,Natural Spring Water,1 L,"$3.49
 ea.",,$0.35 /100ml,,,https://product-images.metro.ca/images/h5d/hf9/9802557227038.jpg,https://www.metro.ca/en/online-grocery/search-page-116
BELSOY,French Vanilla Soy Dessert,4x125 g,"$3.77
 ea.",,$0.75 /100g,"Regular price
$5.19  ea.","Valid until Jan 10, 2024",https://product-images.metro.ca/images/h18/h79/12320453165086.jpg,https://www.metro.ca/en/online-grocery/search-page-116
7UP,Soft Drink,591 mL,"2 / 
$5.00",,$0.42 /100ml,"Regular price
$2.99  ea.","Valid until Jan 24, 2024",https://product-images.metro.ca/images/h33/h0f/10139300659230.jpg,https://www.metro.ca/en/online-grocery/search-page-116
DOLE,Fruit Salad Cups In Juice,4x107 mL,"$4.49
 ea.",,$1.05 /100ml,,,https://product-images.metro.ca/images/hd1/h64/12320431538206.jpg,https://www.metro.ca/en/online-grocery/search-page-116
LINDT,"Milk Chocolate Bar, Lindor",38 g,"$1.89
 ea.",,$4.97 /100g,"Regular price
$2.29  ea.","Valid until Jan 24, 2024",,https://www.metro.ca/en/online-grocery/search-page-116
METROGO!,Oka And Ham Penne Salad,,"$4.90
 avg. ea.",(205 g avg.),$23.90 /kg$10.84 /lb.,,,https://product-images.metro.ca/images/h3a/h0f/9374716919838.jpg,https://www.metro.ca/en/online-grocery/search-page-116
DARE,"Sweet Potato And Ancient Grains Artisanal Crackers, ...",150 g,"$1.99
 ea.",,$1.33 /100g,"Regular price
$4.29  ea.","Valid until Jan 10, 2024",,https://www.metro.ca/en/online-grocery/search-page-116
METROGO!,BBQ Chicken Submarine Sandwich,,"$6.99
 ea.",,$2.37 /100g,,,https://product-images.metro.ca/images/h82/h14/11926649896990.jpg,https://www.metro.ca/en/online-grocery/search-page-116
MIKES,Homestyle Italian Sausage Meat Sauce,700 mL,"$6.79
 ea.",,$0.97 /100ml,,,https://product-images.metro.ca/images/hf9/hf7/10529533427742.jpg,https://www.metro.ca/en/online-grocery/search-page-116
SELECTION,Fruit Salad With Extra Cherries In Light Syrup Snacks,4x107 mL,"$2.49
 ea.",,$0.58 /100ml,"Regular price
$3.29  ea.","Valid until Feb 7, 2024",https://product-images.metro.ca/images/h99/hb4/9992258945054.jpg,https://www.metro.ca/en/online-grocery/search-page-116
CASTELLO,Extra Creamy Danish Blue Cheese,125 g,"$8.00
 ea.",,$6.40 /100g,,,https://product-images.metro.ca/images/h92/h44/11461739610142.jpg,https://www.metro.ca/en/online-grocery/search-page-116
METROGO!,"Chicken And Vegetable Skewers, Value Pack",4 brochettes per tray,"$23.13
 avg. ea.","(1,000 g avg.)",$23.13 /kg$10.49 /lb.,"Regular price
$24.23  avg. kg","Valid until Jan 10, 2024",,https://www.metro.ca/en/online-grocery/search-page-116
VH,Chinese Fondue Mix,42 g,"$2.29
 ea.",,$5.45 /100g,"Regular price
$3.29  ea.","Valid until Jan 24, 2024",https://product-images.metro.ca/images/hb1/he6/11521156284446.jpg,https://www.metro.ca/en/online-grocery/search-page-116
GALBANI,Light Mozzarella Cheese,500 g,"$7.99
 ea.",,$1.60 /100g,,,https://product-images.metro.ca/images/h9e/h17/11574116843550.jpg,https://www.metro.ca/en/online-grocery/search-page-116
SELECTION,Frozen Extra Fine Green Beans,500 g,"$3.49
 ea.",,$0.70 /100g,"Regular price
$4.49  ea.","Valid until Jan 10, 2024",https://product-images.metro.ca/images/he1/h3c/9527477829662.jpg,https://www.metro.ca/en/online-grocery/search-page-116
NAYA,"Natural Spring Water, Mini",15x330 mL,"$4.99
 ea.",,$0.10 /100ml,,,,https://www.metro.ca/en/online-grocery/search-page-116
MAXWELL HOUSE,"House Blend Coffee T Discs, Tassimo",16 un,"$9.49
 ea.",,$0.59 /un.,,,,https://www.metro.ca/en/online-grocery/search-page-116
SELECTION,Seasoned Large Stewed Tomatoes Pieces,796 mL,"$1.99
 ea.",,$0.25 /100ml,"Regular price
$2.19  ea.","Valid until Jan 24, 2024",https://product-images.metro.ca/images/hc4/ha0/9519775416350.jpg,https://www.metro.ca/en/online-grocery/search-page-116
IRRESISTIBLES,"Deep Dish Sugar Cream And Apple Crisp Pie, Artisan",750 g,"$7.99
 ea.",,$1.07 /100g,"Regular price
$10.49  ea.","Valid until Jan 10, 2024",,https://www.metro.ca/en/online-grocery/search-page-116
BRODIE,Self-Raising Cake And Pastry Flour,2.5 kg,"$6.49
 ea.",,$0.26 /100g,"Regular price
$7.49  ea.","Valid until Feb 7, 2024",https://product-images.metro.ca/images/h23/h46/10475408850974.jpg,https://www.metro.ca/en/online-grocery/search-page-116
SUN-MAID,Natural California Raisins,500 g,"$6.99
 ea.",,$1.40 /100g,,,https://product-images.metro.ca/images/h74/h3d/11994748452894.jpg,https://www.metro.ca/en/online-grocery/search-page-116
IRRESISTIBLES,Dulce De Leche Caramel Spread,450 g,"$5.49
 ea.",,$1.22 /100g,"Regular price
$5.99  ea.","Valid until Feb 7, 2024",https://product-images.metro.ca/images/h22/h59/10767226732574.jpg,https://www.metro.ca/en/online-grocery/search-page-117
ALLÉGRO,9% Lactose Free Herbs & Spices Cheese,270 g,"$7.49
 ea.",,$2.77 /100g,,,https://product-images.metro.ca/images/h64/h79/8975457320990.jpg,https://www.metro.ca/en/online-grocery/search-page-117
KIKKOMAN,Soy Sauce,296 mL,"$6.99
 ea.",,$2.36 /100ml,,,https://product-images.metro.ca/images/h66/h11/11937058390046.jpg,https://www.metro.ca/en/online-grocery/search-page-117
HAIKU,Rice Noodles,300 g,"$4.49
 ea.",,$1.50 /100g,,,https://product-images.metro.ca/images/h46/had/9515151491102.jpg,https://www.metro.ca/en/online-grocery/search-page-117
KRAFT,Zesty Italian Dressing,475 mL,"$4.49
 ea.",,$0.95 /100ml,,,https://product-images.metro.ca/images/h55/heb/9644704432158.jpg,https://www.metro.ca/en/online-grocery/search-page-117
DEL MONTE,Pear Halves In Juice,796 mL,"$5.99
 ea.",,$0.75 /100ml,,,https://product-images.metro.ca/images/h57/he4/10309909512222.jpg,https://www.metro.ca/en/online-grocery/search-page-117
OCEAN SPRAY,Diet Cranberry Beverage,1.89 L,"$5.49
 ea.",,$0.29 /100ml,,,https://product-images.metro.ca/images/h4d/hcf/9894701072414.jpg,https://www.metro.ca/en/online-grocery/search-page-117
IRRESISTIBLES,Frozen Chicken Teriyaki With Vegetables,270 g,"$3.29
 ea.",,$1.22 /100g,,,https://product-images.metro.ca/images/hc2/ha2/8946265063454.jpg,https://www.metro.ca/en/online-grocery/search-page-117
SUGAR TWIN,Calorie-Free Sweetener Packets,200 un,"$7.49
 ea.",,$0.04 /un.,,,https://product-images.metro.ca/images/h83/hb6/12122148405278.jpg,https://www.metro.ca/en/online-grocery/search-page-117
TOSTITOS,Medium Mango Salsa,416 mL,"$4.99
 ea.",,$1.20 /100ml,,,https://product-images.metro.ca/images/h76/h79/11064014766110.jpg,https://www.metro.ca/en/online-grocery/search-page-117
FILIPPO BERIO,Extra Virgin Olive Oil,1 L,"$26.49
 ea.",,$2.65 /100ml,,,https://product-images.metro.ca/images/h2f/ha4/10040046452766.jpg,https://www.metro.ca/en/online-grocery/search-page-117
BOLTHOUSE FARMS,Strawberry And Banana Flavoured Smoothie,946 mL,"$6.99
 ea.",,$0.74 /100ml,,,https://product-images.metro.ca/images/h4d/h22/9529618137118.jpg,https://www.metro.ca/en/online-grocery/search-page-117
SELECTION,Plastic Wrap - 60m,60 m,"$3.49
 ea.",,$5.82 /100m,"Regular price
$3.99  ea.","Valid until Feb 7, 2024",https://product-images.metro.ca/images/h09/h1d/9719460266014.jpg,https://www.metro.ca/en/online-grocery/search-page-117
SELECTION,Greek Style Pita Breads,425 g,"$2.99
 ea.",,$0.70 /100g,,,https://product-images.metro.ca/images/h12/hba/12174903050270.jpg,https://www.metro.ca/en/online-grocery/search-page-117
,Le Carré Bread,4x100 g,"$3.49
 ea.",,$0.87 /100g,"Regular price
$3.99  ea.","Valid until Jan 10, 2024",https://product-images.metro.ca/images/h90/h0a/9014417752094.jpg,https://www.metro.ca/en/online-grocery/search-page-117
SUMMER FRESH,Caramelized Onion Flavoured Hummus,227 g,"$4.79
 ea.",,$2.11 /100g,,,https://product-images.metro.ca/images/h25/h12/9213119135774.jpg,https://www.metro.ca/en/online-grocery/search-page-117
CAMPBELL'S,Condensed Cream Of Bacon Soup,284 mL,"$2.29
 ea.",,$0.81 /100ml,"Regular price
$2.99  ea.","Valid until Jan 24, 2024",https://product-images.metro.ca/images/he4/hd9/12050737004574.jpg,https://www.metro.ca/en/online-grocery/search-page-117
SELECTION,Chocolate Fudge Pudding Snacks,4 un,"3 / 
$5.00",,$0.42 /un.,"Regular price
$1.99  ea.","Valid until Feb 7, 2024",https://product-images.metro.ca/images/h2c/h78/10822790021150.jpg,https://www.metro.ca/en/online-grocery/search-page-117
,White Pearl Onions,175 g,"2 / 
$5.00",,$2.50 /un.,"Regular price
$3.49  ea.","Valid until Jan 17, 2024",https://product-images.metro.ca/images/he4/hd6/11511578361886.jpg,https://www.metro.ca/en/online-grocery/search-page-117
SELECTION,Blueberry Jelly Powder,85 g,"$0.99
 ea.",,$1.16 /100g,,,https://product-images.metro.ca/images/h51/h2d/8844675022878.jpg,https://www.metro.ca/en/online-grocery/search-page-117
PLATINUM,AAA Platinum Angus Beef Baseball Top Sirloin Medallions,2 medallions per tray,"$11.46
 avg. ea.",(325 g avg.),$35.25 /kg$15.99 /lb.,"Regular price
$41.87  avg. kg","Valid until Jan 10, 2024",https://product-images.metro.ca/images/h0f/hdb/8887120265246.jpg,https://www.metro.ca/en/online-grocery/search-page-117
ZIPLOC,Small Freezer Bags,25 un,"$5.99
 ea.",,$0.24 /un.,,,https://product-images.metro.ca/images/h9a/ha2/12050614517790.jpg,https://www.metro.ca/en/online-grocery/search-page-117
NEW YORK STYLE,Roasted Garlic Bagel Crisps,170 g,"$6.99
 ea.",,$4.11 /100g,,,https://product-images.metro.ca/images/h61/h47/9529859604510.jpg,https://www.metro.ca/en/online-grocery/search-page-117
SELECTION,Diced White Potatoes,540 mL,"$1.99
 ea.",,$0.37 /100ml,"Regular price
$2.39  ea.","Valid until Jan 24, 2024",https://product-images.metro.ca/images/he1/h5b/9335452532766.jpg,https://www.metro.ca/en/online-grocery/search-page-117
SELECTION,Sweetened Coconut Flakes,200 g,"$2.49
 ea.",,$1.25 /100g,,,https://product-images.metro.ca/images/h1f/h0e/11827619823646.jpg,https://www.metro.ca/en/online-grocery/search-page-117
DARE,"Fudge Chocolate Cookies, Ultimate",290 g,"2 / 
$7.00",,$1.21 /100g,"Regular price
$4.29  ea.","Valid until Jan 24, 2024",,https://www.metro.ca/en/online-grocery/search-page-117
SELECTION,Cheese Crunchies,265 g,"$3.99
 ea.",,$1.51 /100g,,,https://product-images.metro.ca/images/h95/hcc/11257085886494.jpg,https://www.metro.ca/en/online-grocery/search-page-117
CHEF BOYARDEE,Spaghetti And Meatballs In Tomato Sauce,418 g,"$2.79
 ea.",,$0.67 /100g,"Regular price
$3.49  ea.","Valid until Jan 24, 2024",https://product-images.metro.ca/images/h23/h4c/11250961874974.jpg,https://www.metro.ca/en/online-grocery/search-page-117
WRIGLEY'S,"The Original Flavoured Sugar-Free Gum, Juicy Fruit",1 un,"$1.89
 ea.",,$1.89 /un.,,,,https://www.metro.ca/en/online-grocery/search-page-117
PALMOLIVE,"Passion Fruit & Mandarin Liquid Dish Soap, Ultra",591 mL,"$2.99
 ea.",,$0.51 /100ml,"Regular price
$3.99  ea.","Valid until Feb 7, 2024",,https://www.metro.ca/en/online-grocery/search-page-117
METROGO!,Baked Beans,,"$3.25
 avg. ea.",(365 g avg.),$8.90 /kg$4.04 /lb.,,,https://product-images.metro.ca/images/hb4/h5f/8868580589598.jpg,https://www.metro.ca/en/online-grocery/search-page-118
CATELLI,"Linguine, Smart",375 g,"$3.99
 ea.",,$1.06 /100g,,,,https://www.metro.ca/en/online-grocery/search-page-118
ST-HUBERT,Chicken And Broccoli Gratin,565 g,"$6.99
 ea.",,$1.24 /100g,"Regular price
$11.99  ea.","Valid until Jan 10, 2024",https://product-images.metro.ca/images/h50/h9d/11754096558110.jpg,https://www.metro.ca/en/online-grocery/search-page-118
DUBRETON,Organic Extra Lean Ground Pork,,"$9.69
 avg. ea.",(440 g avg.),$22.02 /kg$9.99 /lb.,,,https://product-images.metro.ca/images/hfa/he6/9058133606430.jpg,https://www.metro.ca/en/online-grocery/search-page-118
LA ROCCA,Frozen Chocolate Truffle Cake,600 g,"$23.99
 ea.",,$4.00 /100g,,,https://product-images.metro.ca/images/h94/hfb/9742398783518.jpg,https://www.metro.ca/en/online-grocery/search-page-118
FROMAGERIE BERGERON,Classique Smoked Firm Lactose Free Cheese,200 g,"$7.99
 ea.",,$4.00 /100g,"Regular price
$8.99  ea.","Valid until Jan 10, 2024",https://product-images.metro.ca/images/hbf/hfe/11461736988702.jpg,https://www.metro.ca/en/online-grocery/search-page-118
DARE,"Birthday Cake Flavoured Soft Cookies, Bear Paws",168 g,"$4.69
 ea.",,$2.79 /100g,,,,https://www.metro.ca/en/online-grocery/search-page-118
IRRESISTIBLES,Extra Virgin Olive Oil,250 mL,"$6.99
 ea.",,$2.80 /100ml,,,https://product-images.metro.ca/images/h9d/h22/11117330563102.jpg,https://www.metro.ca/en/online-grocery/search-page-118
COMMENSAL,Butternut Squash Soup,600 mL,"$7.79
 ea.",,$1.30 /100ml,,,https://product-images.metro.ca/images/h78/hb9/10062170554398.jpg,https://www.metro.ca/en/online-grocery/search-page-118
GOGO SQUEEZ,Apple And Mango Sauce Pouches,4x90 g,"$4.99
 ea.",,$1.39 /100g,,,https://product-images.metro.ca/images/h29/h43/10695654965278.jpg,https://www.metro.ca/en/online-grocery/search-page-118
LA COSTEÑA,Chipotle Peppers In Adobo Sauce,186 mL,"$3.19
 ea.",,$1.72 /100ml,"Regular price
$3.49  ea.","Valid until Jan 24, 2024",https://product-images.metro.ca/images/h5d/h7a/11829799551006.jpg,https://www.metro.ca/en/online-grocery/search-page-118
DOLE,Diced Pear Cups In Juice,4x107 mL,"$4.49
 ea.",,$1.05 /100ml,,,https://product-images.metro.ca/images/h8a/h69/11477817819166.jpg,https://www.metro.ca/en/online-grocery/search-page-118
OLIVIERI,Chicken And Prosciutto Cannelloni,"4 servings, 540 g","$11.49
 ea.",,$2.13 /100g,,,https://product-images.metro.ca/images/h31/hfd/10685913202718.jpg,https://www.metro.ca/en/online-grocery/search-page-118
GOGO SQUEEZ,Apple And Peach Sauce Pouches,4x90 g,"$4.99
 ea.",,$1.39 /100g,,,https://product-images.metro.ca/images/h5b/h9c/10695649820702.jpg,https://www.metro.ca/en/online-grocery/search-page-118
PARIS PÂTÉ,Sandwich Paté,78 g,"$3.19
 ea.",,$4.09 /100g,,,https://product-images.metro.ca/images/h41/hc2/9847241768990.jpg,https://www.metro.ca/en/online-grocery/search-page-118
,"Garlic, Herbs And Cheese Kaiser Rolls",6x65 g,"$4.99
 ea.",,$1.28 /100g,,,https://product-images.metro.ca/images/h1a/ha0/9014418047006.jpg,https://www.metro.ca/en/online-grocery/search-page-118
BAKER'S,"Dark Baking Chocolate Squares, Premium",170 g,"$6.99
 ea.",,$4.11 /100g,,,,https://www.metro.ca/en/online-grocery/search-page-118
SUNRISE,Peach Mango Flavoured Dessert Tofu,2x150 g,"$1.99
 ea.",,$0.66 /100g,,,https://product-images.metro.ca/images/ha5/h23/9518651244574.jpg,https://www.metro.ca/en/online-grocery/search-page-118
CLUB HOUSE,Brown Gravy Mix,25 g,"4 / 
$5.00",,$5.00 /100g,"Regular price
$1.49  ea.","Valid until Jan 24, 2024",https://product-images.metro.ca/images/he6/hcc/11761504092190.jpg,https://www.metro.ca/en/online-grocery/search-page-118
GIBIERS CANABEC,Confit Duck Legs,525 g,"$25.99
 ea.",,$4.95 /100g,,,https://product-images.metro.ca/images/h0a/hd9/9882943946782.jpg,https://www.metro.ca/en/online-grocery/search-page-118
KNORR,"Teriyaki Noodles, Sidekicks",167 g,"3 / 
$7.00",,$1.40 /100g,"Regular price
$2.79  ea.","Valid until Jan 24, 2024",,https://www.metro.ca/en/online-grocery/search-page-118
IRRESISTIBLES,Frozen Bacon And Cheddar Battered Cheese Sticks,325 g,"$7.99
 ea.",,$2.46 /100g,,,https://product-images.metro.ca/images/he2/ha8/10269098803230.jpg,https://www.metro.ca/en/online-grocery/search-page-118
PAM,Olive Oil No-Stick Cooking Spray,141 g,"$5.79
 ea.",,$4.11 /100g,"Regular price
$6.79  ea.","Valid until Feb 7, 2024",https://product-images.metro.ca/images/h6e/h00/10250234658846.jpg,https://www.metro.ca/en/online-grocery/search-page-118
VOORTMAN,Raspberry Turnover Soft Cookies,300 g,"$3.49
 ea.",,$1.16 /100g,,,https://product-images.metro.ca/images/h71/h30/10715248590878.jpg,https://www.metro.ca/en/online-grocery/search-page-118
SOYGANIC,Organic Extra Firm Tofu,350 g,"$3.99
 ea.",,$1.14 /100g,,,https://product-images.metro.ca/images/h75/h2a/9081696682014.jpg,https://www.metro.ca/en/online-grocery/search-page-118
IRRESISTIBLES,Peppermint Herbal Tea Bags,20 un,"$2.99
 ea.",,$0.15 /un.,"Regular price
$3.79  ea.","Valid until Jan 10, 2024",https://product-images.metro.ca/images/ha2/h6c/9041392762910.jpg,https://www.metro.ca/en/online-grocery/search-page-118
RISE KOMBUCHA,Organic Ginger Sparkling Fermented Beverage,414 mL,"$3.69
 ea.",,$0.89 /100ml,"Regular price
$4.29  ea.","Valid until Feb 14, 2024",https://product-images.metro.ca/images/hd4/haa/11161645252638.jpg,https://www.metro.ca/en/online-grocery/search-page-118
CLUB HOUSE,Country Herb Dressing And Dip Mix,28 g,"3 / 
$4.00",,$4.76 /100g,"Regular price
$1.69  ea.","Valid until Jan 24, 2024",https://product-images.metro.ca/images/h93/h42/9870676492318.jpg,https://www.metro.ca/en/online-grocery/search-page-118
RITZ,Peanut Butter Sandwich Crackers,180 g,"$3.49
 ea.",,$1.94 /100g,"Regular price
$4.19  ea.","Valid until Jan 24, 2024",https://product-images.metro.ca/images/hda/hc4/11068783656990.jpg,https://www.metro.ca/en/online-grocery/search-page-118
IRRESISTIBLES,"Mini Frozen Hazelnut And Chocolate Mousses, Mini Mousse",6 un - 300 g,"$10.99
 ea.",,$3.66 /100g,"Regular price
$12.49  ea.","Valid until Jan 10, 2024",,https://www.metro.ca/en/online-grocery/search-page-118
PRINGLES,Buffalo Ranch Flavoured Chips,156 g,"$3.99
 ea.",,$2.56 /100g,,,https://product-images.metro.ca/images/h03/h88/10250276274206.jpg,https://www.metro.ca/en/online-grocery/search-page-119
SWISS KNIGHT,L'Original Swiss Cheese Fondue,400 g,"$9.99
 ea.",,$2.50 /100g,"Regular price
$11.79  ea.","Valid until Feb 14, 2024",https://product-images.metro.ca/images/h2b/h19/9529894567966.jpg,https://www.metro.ca/en/online-grocery/search-page-119
SCHWEPPES,Ginger Ale,12x355 mL,"$6.98
 ea.",,$0.16 /100ml,"Regular price
$7.99  ea.","Valid until Jan 10, 2024",https://product-images.metro.ca/images/h0a/hc9/9684946649118.jpg,https://www.metro.ca/en/online-grocery/search-page-119
METROGO!,Garden Salad,,"$3.72
 avg. ea.",(170 g avg.),$21.90 /kg$9.93 /lb.,,,https://product-images.metro.ca/images/hf4/h4e/8867827154974.jpg,https://www.metro.ca/en/online-grocery/search-page-119
PALMOLIVE,"Green Apple & White Lily Liquid Dish Soap, Ultra",591 mL,"$2.99
 ea.",,$0.51 /100ml,"Regular price
$3.99  ea.","Valid until Feb 7, 2024",,https://www.metro.ca/en/online-grocery/search-page-119
VOORTMAN,Strawberry Wafers,300 g,"2 / 
$5.00",,$0.83 /100g,"Regular price
$3.49  ea.","Valid until Jan 24, 2024",https://product-images.metro.ca/images/h45/ha6/11570831065118.jpg,https://www.metro.ca/en/online-grocery/search-page-119
HEINZ,Tomato Ketchup,375 mL,"$3.79
 ea.",,$1.01 /100ml,,,https://product-images.metro.ca/images/h8e/hc1/9986945712158.jpg,https://www.metro.ca/en/online-grocery/search-page-119
NATREL,"3.8% Organic Milk, Fine-Filtered",2 L,"$7.99
 ea.",,$0.40 /100ml,,,,https://www.metro.ca/en/online-grocery/search-page-119
ST-HUBERT,Texan-Style Pork Back Ribs,625 g,"$17.99
 ea.",,$2.88 /100g,,,https://product-images.metro.ca/images/h96/h66/10101027012638.jpg,https://www.metro.ca/en/online-grocery/search-page-119
REKO,"Italian Vanilla Waffle Cookies, Pizzelle",200 g,"$5.49
 ea.",,$2.75 /100g,,,,https://www.metro.ca/en/online-grocery/search-page-119
BOURSIN,Cracked Black Pepper Fresh Cheese,150 g,"$8.00
 ea.",,$5.33 /100g,,,https://product-images.metro.ca/images/h1f/h54/11849329377310.jpg,https://www.metro.ca/en/online-grocery/search-page-119
DARE,"Gluten Free Original Crackers With Flax, Breton",135 g,"$1.99
 ea.",,$1.47 /100g,"Regular price
$4.29  ea.","Valid until Jan 10, 2024",,https://www.metro.ca/en/online-grocery/search-page-119
LAFLEUR,"Hot Dog Wieners, Naturel",375 g,"$6.49
 ea.",,$1.73 /100g,,,,https://www.metro.ca/en/online-grocery/search-page-119
,Organic Green Cabbage,,"$3.77
 avg. ea.","(1,150 g avg.)",$3.28 /kg$1.49 /lb.,"Regular price
$3.73  avg. kg","Valid until Jan 10, 2024",https://product-images.metro.ca/images/he9/hb2/8834829254686.jpg,https://www.metro.ca/en/online-grocery/search-page-119
SELECTION,Fire Logs,6x1.72 kg,"$29.49
 ea.",,$1.71 /100g,,,https://product-images.metro.ca/images/h6a/hed/9679367405598.jpg,https://www.metro.ca/en/online-grocery/search-page-119
JELL-O,Chocolate Instant Pudding,113 g,"$1.99
 ea.",,$1.76 /100g,,,https://product-images.metro.ca/images/h99/h1d/9986892759070.jpg,https://www.metro.ca/en/online-grocery/search-page-119
SPLENDA,No Calorie Sweetener Packets,100 g,"$7.99
 ea.",,$7.99 /100g,,,https://product-images.metro.ca/images/h97/h6d/12050719473694.jpg,https://www.metro.ca/en/online-grocery/search-page-119
MALIMOUSSE,"Le Trio Shrimp, Lobster And Smoked Salmon Spreads",3x70 g,"$4.99
 ea.",,$2.38 /100g,"Regular price
$5.49  ea.","Valid until Jan 17, 2024",https://product-images.metro.ca/images/h15/h1f/12050728484894.jpg,https://www.metro.ca/en/online-grocery/search-page-119
CLOVER LEAF,Solid White Albacore Tuna In Water,85 g,"$2.49
 ea.",,$2.93 /100g,,,https://product-images.metro.ca/images/ha5/ha9/10793649405982.jpg,https://www.metro.ca/en/online-grocery/search-page-119
CHRISTOPHE DALBRAY,"Quebec White Wine, Cuvée Signature",4 L,"$42.99
 ea.",,$1.07 /100ml,,,,https://www.metro.ca/en/online-grocery/search-page-119
LAFLEUR,"Original Bacon, Naturel",375 g,"$9.49
 ea.",,$2.53 /100g,,,,https://www.metro.ca/en/online-grocery/search-page-119
PLAISIRS GASTRONOMIQUES,Chicken Pie,275 g,"$5.79
 ea.",,$2.11 /100g,,,https://product-images.metro.ca/images/hcc/h3a/9529824477214.jpg,https://www.metro.ca/en/online-grocery/search-page-119
PÂTE 2000,Plain Thin Square Pizza Crusts,580 g,"$7.99
 ea.",,$1.38 /100g,,,https://product-images.metro.ca/images/hc2/h6b/9910172155934.jpg,https://www.metro.ca/en/online-grocery/search-page-119
LAFLEUR,Skin On Wieners,375 g,"$6.49
 ea.",,$1.73 /100g,,,https://product-images.metro.ca/images/hcb/h30/10040018567198.jpg,https://www.metro.ca/en/online-grocery/search-page-119
METROGO!,Deluxe Fruit Salad,Large,"$7.99
 ea.",,$1.39 /100g,,,https://product-images.metro.ca/images/hb9/h80/8837091459102.jpg,https://www.metro.ca/en/online-grocery/search-page-119
OREO,Chocolate Frozen Dessert,1.5 L,"$5.99
 ea.",,$0.40 /100ml,"Regular price
$7.99  ea.","Valid until Jan 24, 2024",https://product-images.metro.ca/images/h77/hc2/11754143842334.jpg,https://www.metro.ca/en/online-grocery/search-page-119
SELECTION,Fieldberry Cereal Bars,300 g,"$3.49
 ea.",,$1.16 /100g,,,https://product-images.metro.ca/images/h97/h6c/10268210790430.jpg,https://www.metro.ca/en/online-grocery/search-page-119
REVOLUTION,Chilean White Wine,1 L,"$13.99
 ea.",,$1.40 /100ml,"Regular price
$15.29  ea.","Valid until Feb 7, 2024",https://product-images.metro.ca/images/hef/h09/10399673384990.jpg,https://www.metro.ca/en/online-grocery/search-page-119
SUNRYPE,"Apple Wildberry Fruit Snack, Fruit To Go",14 g,"5 / 
$3.00",,$4.29 /100g,,,,https://www.metro.ca/en/online-grocery/search-page-119
SMUCKER'S,"Apricot Jam, Pure",250 mL,"$4.99
 ea.",,$2.00 /100ml,,,,https://www.metro.ca/en/online-grocery/search-page-119
ENERGIZER,"AA Alkaline Batteries, Max",4 un,"$6.49
 ea.",,$1.62 /un.,,,,https://www.metro.ca/en/online-grocery/search-page-120
DARE,"Zesty Ranch Cracker Chips, Veggie Crisps",100 g,"$4.19
 ea.",,$4.19 /100g,,,,https://www.metro.ca/en/online-grocery/search-page-120
PRIMO,Orzo Pasta,500 g,"$2.99
 ea.",,$0.60 /100g,"Regular price
$3.79  ea.","Valid until Jan 24, 2024",https://product-images.metro.ca/images/h87/he8/9519789375518.jpg,https://www.metro.ca/en/online-grocery/search-page-120
IRRESISTIBLES,Frozen Maryland Style Crab Cakes,227 g,"$16.99
 ea.",,$7.48 /100g,,,https://product-images.metro.ca/images/hc6/h70/10269072621598.jpg,https://www.metro.ca/en/online-grocery/search-page-120
RISE KOMBUCHA,Organic Hibiscus And Rose Hips Sparkling Fermented B...,414 mL,"$3.69
 ea.",,$0.89 /100ml,"Regular price
$4.29  ea.","Valid until Feb 14, 2024",,https://www.metro.ca/en/online-grocery/search-page-120
A&W,Root Beer,12x355 mL,"$6.98
 ea.",,$0.16 /100ml,"Regular price
$7.99  ea.","Valid until Jan 10, 2024",https://product-images.metro.ca/images/hec/haf/10495624314910.jpg,https://www.metro.ca/en/online-grocery/search-page-120
,Grain-Fed Veal T-Bone Steak,1 per tray,"$8.81
 avg. ea.",(250 g avg.),$35.25 /kg$15.99 /lb.,,,https://product-images.metro.ca/images/h94/h39/9279604817950.jpg,https://www.metro.ca/en/online-grocery/search-page-120
,Bag Of Meyer Lemons,1 lb,"$5.99
 ea.",,$5.99 /un.,,,https://product-images.metro.ca/images/h38/h4f/8894241013790.jpg,https://www.metro.ca/en/online-grocery/search-page-120
SELECTION,Graham Crumbs,400 g,"$3.29
 ea.",,$0.82 /100g,,,https://product-images.metro.ca/images/hf5/hc2/8955894235166.jpg,https://www.metro.ca/en/online-grocery/search-page-120
IRRESISTIBLES,Mango Sorbet,946 mL,"$5.49
 ea.",,$0.58 /100ml,"Regular price
$5.99  ea.","Valid until Feb 14, 2024",https://product-images.metro.ca/images/h61/h2b/11521310654494.jpg,https://www.metro.ca/en/online-grocery/search-page-120
LA JARDINIÈRE,Original Flavour Salad And Vegetable Seasoning,180 g,"$5.99
 ea.",,$3.33 /100g,,,https://product-images.metro.ca/images/h76/hea/8831303876638.jpg,https://www.metro.ca/en/online-grocery/search-page-120
CHIPS AHOY!,"Chocolate Chip Cookies, Chewy Value Pack",453 g,"$4.49
 ea.",,$0.99 /100g,"Regular price
$5.99  ea.","Valid until Jan 10, 2024",,https://www.metro.ca/en/online-grocery/search-page-120
NESTLÉ,"Milk Chocolate & Chewy Caramel Bites, Rolo",52 g,"$1.59
 ea.",,$3.06 /100g,,,,https://www.metro.ca/en/online-grocery/search-page-120
LINDT,"Roasted Almond Dark Chocolate Bar, Excellence",100 g,"$5.29
 ea.",,$5.29 /100g,,"Valid until Jan 10, 2024",,https://www.metro.ca/en/online-grocery/search-page-120
WINDSOR SALT,Fine Sea Salt,500 g,"$2.99
 ea.",,$0.60 /100g,"Regular price
$3.79  ea.","Valid until Feb 7, 2024",https://product-images.metro.ca/images/ha9/heb/11754114711582.jpg,https://www.metro.ca/en/online-grocery/search-page-120
FANCY FEAST,"Salmon Wet Cat Food, Grilled",85 g,"$1.49
 ea.",,$1.75 /100g,,,,https://www.metro.ca/en/online-grocery/search-page-120
HABITANT,"Pickled Whole Baby Beets, Homestyle",500 mL,"$3.79
 ea.",,$0.76 /100ml,"Regular price
$4.49  ea.","Valid until Jan 24, 2024",,https://www.metro.ca/en/online-grocery/search-page-120
IRRESISTIBLES,Frozen Battered Mozzarella And Jalapeño Cheese Sticks,325 g,"$7.99
 ea.",,$2.46 /100g,,,https://product-images.metro.ca/images/h3c/h53/11521320386590.jpg,https://www.metro.ca/en/online-grocery/search-page-120
OCEAN SPRAY,Cranberry & Raspberry Cocktail,1.89 L,"$5.49
 ea.",,$0.29 /100ml,,,https://product-images.metro.ca/images/h68/hb4/10225151901726.jpg,https://www.metro.ca/en/online-grocery/search-page-120
METROGO!,Chicken Curry And Couscous,,"$7.77
 avg. ea.",(325 g avg.),$23.90 /kg$10.84 /lb.,,,https://product-images.metro.ca/images/h07/h90/11926658809886.jpg,https://www.metro.ca/en/online-grocery/search-page-120
SELECTION,Frozen Meat Pie,450 g,"$6.00
 ea.",,$1.33 /100g,"Regular price
$6.99  ea.","Valid until Jan 17, 2024",https://product-images.metro.ca/images/hd0/hc1/11307041816606.jpg,https://www.metro.ca/en/online-grocery/search-page-120
LA PARISIENNE,Real Fresh Liquid Laundry Detergent,38 loads-1.52 L,"$6.79
 ea.",,$0.18 /load,,,https://product-images.metro.ca/images/h38/h84/8809161293854.jpg,https://www.metro.ca/en/online-grocery/search-page-120
NESTLÉ,"Lactose Free Original Coffee Whitener, Coffee-Mate",450 g,"$5.49
 ea.",,$1.22 /100g,"Regular price
$7.29  ea.","Valid until Feb 7, 2024",,https://www.metro.ca/en/online-grocery/search-page-120
ALLÉGRO,9% Lactose Free Yellow Cheese,270 g,"$7.49
 ea.",,$2.77 /100g,,,https://product-images.metro.ca/images/h9c/he2/8975326904350.jpg,https://www.metro.ca/en/online-grocery/search-page-120
IRRESISTIBLES,"Smoked Gouda Cheese, Artisan",200 g,"$7.79
 ea.",,$3.90 /100g,,,,https://www.metro.ca/en/online-grocery/search-page-120
M'LORD,Whole Hearts Of Palm,398 mL,"$5.49
 ea.",,$1.38 /100ml,,,https://product-images.metro.ca/images/hbb/he5/9719584587806.jpg,https://www.metro.ca/en/online-grocery/search-page-120
IRRESISTIBLES,Frozen General Tao Chicken,265 g,"$3.29
 ea.",,$1.24 /100g,,,https://product-images.metro.ca/images/h77/hfa/8946268536862.jpg,https://www.metro.ca/en/online-grocery/search-page-120
ORVILLE REDENBACHER,"Buttery Flavoured Popping Corn, Gourmet",820 g,"$10.49
 ea.",,$1.28 /100g,,,,https://www.metro.ca/en/online-grocery/search-page-120
CEDAR,Pinto Beans,540 mL,"$1.99
 ea.",,$0.37 /100ml,"Regular price
$2.79  ea.","Valid until Jan 24, 2024",https://product-images.metro.ca/images/he1/h66/9719606444062.jpg,https://www.metro.ca/en/online-grocery/search-page-120
UNICO,Medium Pitted Ripe Olives,200 mL,"$1.99
 ea.",,$1.00 /100ml,"Regular price
$2.29  ea.","Valid until Jan 24, 2024",https://product-images.metro.ca/images/ha9/hd0/11133627301918.jpg,https://www.metro.ca/en/online-grocery/search-page-120
MR. NOODLES,Beef Flavoured Instant Noodles Cup,64 g,"$1.29
 ea.",,$2.02 /100g,"Regular price
$1.49  ea.","Valid until Jan 24, 2024",https://product-images.metro.ca/images/h0c/h84/10170647183390.jpg,https://www.metro.ca/en/online-grocery/search-page-121
SCOTCH-BRITE,No-Scratch Scrub Sponges,2 un,"$3.69
 ea.",,$1.85 /un.,,,https://product-images.metro.ca/images/ha8/h36/9847155851294.jpg,https://www.metro.ca/en/online-grocery/search-page-121
J-CLOTH,Blue Reusable Cleaning Cloth,1 un,"$3.79
 ea.",,$47.38 /100sheet,,,https://product-images.metro.ca/images/h6e/hfc/9518125973534.jpg,https://www.metro.ca/en/online-grocery/search-page-121
DOUBLE FRUIT,Light Blueberry Fruit Spread,500 mL,"$5.99
 ea.",,$1.20 /100ml,"Regular price
$6.49  ea.","Valid until Feb 7, 2024",https://product-images.metro.ca/images/hce/h0f/11401286287390.jpg,https://www.metro.ca/en/online-grocery/search-page-121
DAINTY,"Long Grain And Wild Rice, World Classics",450 g,"$4.19
 ea.",,$0.93 /100g,,,,https://www.metro.ca/en/online-grocery/search-page-121
NESCAFÉ,"Finely Ground Instant Coffee, Gold",100 g,"$8.99
 ea.",,$8.99 /100g,,,,https://www.metro.ca/en/online-grocery/search-page-121
SARDO,"Party Mix Olives, Deli Market",250 mL,"$5.29
 ea.",,$2.12 /100ml,,,,https://www.metro.ca/en/online-grocery/search-page-121
SELECTION,Shredded Sweetened Coconut,200 g,"$2.49
 ea.",,$1.25 /100g,,,https://product-images.metro.ca/images/hbc/h37/8849254055966.jpg,https://www.metro.ca/en/online-grocery/search-page-121
CLUB HOUSE,Garlic Powder,165 g,"$9.49
 ea.",,$5.75 /100g,,,https://product-images.metro.ca/images/h68/h55/10727323172894.jpg,https://www.metro.ca/en/online-grocery/search-page-121
SELECTION,Strawberry Flavoured Soft Drink,2 L,"$2.29
 ea.",,$0.11 /100ml,,,https://product-images.metro.ca/images/h17/h0c/10367551930398.jpg,https://www.metro.ca/en/online-grocery/search-page-121
KRAFT,Rancher'S Choice Dressing,475 mL,"$4.49
 ea.",,$0.95 /100ml,,,https://product-images.metro.ca/images/h5d/hdd/12174940471326.jpg,https://www.metro.ca/en/online-grocery/search-page-121
SELECTION,Crunchy Peanut Butter,1 kg,"$5.99
 ea.",,$0.60 /100g,,,https://product-images.metro.ca/images/h5b/h93/9518964408350.jpg,https://www.metro.ca/en/online-grocery/search-page-121
OLIVIERI,Creamy Rosé Pasta Sauce,300 mL,"$6.49
 ea.",,$2.16 /100ml,,,https://product-images.metro.ca/images/h8a/hf2/10399540314142.jpg,https://www.metro.ca/en/online-grocery/search-page-121
PLANTERS,"Trail Mix Snack, Wild Mix",350 g,"$4.99
 ea.",,$1.43 /100g,,,https://product-images.metro.ca/images/h35/h11/12354372010014.jpg,https://www.metro.ca/en/online-grocery/search-page-121
KNORR,Beef Bouillon Cubes,63 g,"$4.49
 ea.",,$7.13 /100g,,,https://product-images.metro.ca/images/h5c/h08/12050697846814.jpg,https://www.metro.ca/en/online-grocery/search-page-121
HABITANT,Raspberry Jam With Pectin,500 ml,"$4.99
 ea.",,$1.00 /100ml,,,https://product-images.metro.ca/images/hab/h02/10486520283166.jpg,https://www.metro.ca/en/online-grocery/search-page-121
FIBRE 1,"Cinnamon Bun Flavoured Bars, Delights",5 bars,"2 / 
$7.00",,$2.80 /100g,"Regular price
$4.99  ea.","Valid until Feb 7, 2024",,https://www.metro.ca/en/online-grocery/search-page-121
,Tenderized Pork Leg Slices,2 steaks per tray,"$5.95
 avg. ea.",(300 g avg.),$19.82 /kg$8.99 /lb.,,,https://product-images.metro.ca/images/hf2/hc7/8886571368478.jpg,https://www.metro.ca/en/online-grocery/search-page-121
KELLOGG'S,"Dark Chocolate Chunks & Almond Bars, Special K Nourish","5 bars, 165 g","$5.29
 ea.",,$3.21 /100g,,,,https://www.metro.ca/en/online-grocery/search-page-121
BRISK,Lemon Flavoured Iced Tea,710 mL,"$1.29
 ea.",,$0.18 /100ml,,,https://product-images.metro.ca/images/h0a/he8/10139438153758.jpg,https://www.metro.ca/en/online-grocery/search-page-121
DARE,"Mixed Fruit Flavoured Gummies, Realfruit",180 g,"$3.49
 ea.",,$1.94 /100g,,,,https://www.metro.ca/en/online-grocery/search-page-121
IRRESISTIBLES,"Medium Roast K-Cup Coffee Pods, Colombian Blend",30 un,"$15.99
 ea.",,$0.53 /un.,"Regular price
$16.99  ea.","Valid until Feb 7, 2024",,https://www.metro.ca/en/online-grocery/search-page-121
GRISSOL,"12 Grain Round Cracker, Melba Canapé",150 g,"$1.99
 ea.",,$1.33 /100g,"Regular price
$4.29  ea.","Valid until Jan 10, 2024",,https://www.metro.ca/en/online-grocery/search-page-121
BETTY CROCKER,"Fluffy White Frosting, Whipped",340 g,"$2.00
 ea.",,$0.59 /100g,"Regular price
$2.99  ea.","Valid until Feb 7, 2024",,https://www.metro.ca/en/online-grocery/search-page-121
METROGO!,Marinated Chicken Breast Strips,1 pack,"$9.09
 avg. ea.",(375 g avg.),$24.23 /kg$10.99 /lb.,,,https://product-images.metro.ca/images/hdf/h8f/8886534406174.jpg,https://www.metro.ca/en/online-grocery/search-page-121
DOLE,Pineapple Juice,1.36 L,"$6.29
 ea.",,$0.46 /100ml,,,https://product-images.metro.ca/images/h93/h3d/9668863950878.jpg,https://www.metro.ca/en/online-grocery/search-page-121
OMEGA NUTRITION,Organic Apple Cider Vinegar,946 mL,"$6.99
 ea.",,$0.74 /100ml,"Regular price
$9.79  ea.","Valid until Feb 7, 2024",https://product-images.metro.ca/images/ha1/h7a/12230531842078.jpg,https://www.metro.ca/en/online-grocery/search-page-121
V8,Original Vegetable Cocktail,340 mL,"$1.69
 ea.",,$0.50 /100ml,,,https://product-images.metro.ca/images/h49/hf2/10938814201886.jpg,https://www.metro.ca/en/online-grocery/search-page-121
ARLA,"Feta Cheese Cubes, Tre Stelle",200 g,"$8.49
 ea.",,$4.25 /100g,,,,https://www.metro.ca/en/online-grocery/search-page-121
SELECTION,Apple And Cinnamon Cereal Bars,300 g,"$3.49
 ea.",,$1.16 /100g,,,https://product-images.metro.ca/images/h28/h3b/10212061446174.jpg,https://www.metro.ca/en/online-grocery/search-page-121
CHAPMAN'S,Rainbow Sorbet,2 L,"$6.29
 ea.",,$0.31 /100ml,"Regular price
$7.99  ea.","Valid until Feb 14, 2024",https://product-images.metro.ca/images/h37/hf5/10091128291358.jpg,https://www.metro.ca/en/online-grocery/search-page-122
METROGO!,Seafood Pizza,1 un,"$10.99
 ea.",(425 ea. avg.),$2.59 /100g,,,https://product-images.metro.ca/images/hec/h2b/9032583217182.jpg,https://www.metro.ca/en/online-grocery/search-page-122
DR. OETKER,"Frozen Deluxe Thin Crust Pizza, Giuseppe",515 g,"$9.39
 ea.",,$1.82 /100g,,,,https://www.metro.ca/en/online-grocery/search-page-122
PEACE TEA,Green Iced Tea,695 mL,"$1.49
 ea.",,$0.21 /100ml,,,https://product-images.metro.ca/images/hd9/hbb/10495748243486.jpg,https://www.metro.ca/en/online-grocery/search-page-122
CANTON,Béarnaise Fondue And Dipping Sauce,180 mL,"2 / 
$7.00",,$1.94 /100ml,"Regular price
$3.99  ea.","Valid until Jan 24, 2024",https://product-images.metro.ca/images/hc4/h4b/11088020439070.jpg,https://www.metro.ca/en/online-grocery/search-page-122
ST-HUBERT,Beef Bourguignon Sauce Mix,35 g,"3 / 
$5.00",,$4.76 /100g,"Regular price
$2.39  ea.","Valid until Jan 10, 2024",https://product-images.metro.ca/images/hae/h4f/10170590593054.jpg,https://www.metro.ca/en/online-grocery/search-page-122
IRRESISTIBLES,Cranberry And Raspberry Juice,1.89 L,"$4.49
 ea.",,$0.24 /100ml,"Regular price
$4.99  ea.","Valid until Jan 24, 2024",https://product-images.metro.ca/images/h36/hc8/10946086797342.jpg,https://www.metro.ca/en/online-grocery/search-page-122
PLAISIRS GASTRONOMIQUES,Old-Fashioned Meat Pâté De Campagne,150 g,"$4.79
 ea.",,$3.19 /100g,,,https://product-images.metro.ca/images/hfb/hb3/9529838829598.jpg,https://www.metro.ca/en/online-grocery/search-page-122
SELECTION,Light Smooth Peanut Butter,1 kg,"$5.99
 ea.",,$0.60 /100g,,,https://product-images.metro.ca/images/h37/h40/11521211760670.jpg,https://www.metro.ca/en/online-grocery/search-page-122
MR. NOODLES,"Spicy Chicken Flavoured Instant Noodle Soup, Bowl",110 g,"$1.99
 ea.",,$1.81 /100g,"Regular price
$2.29  ea.","Valid until Jan 24, 2024",,https://www.metro.ca/en/online-grocery/search-page-122
ARCHIBALD,"Assorted Beer Pack, The Classics",12x355 mL - cans,"$23.99
 ea.",,$0.56 /100ml,,,,https://www.metro.ca/en/online-grocery/search-page-122
CESAR,Filet Mignon Flavoured Entrées For Small Dogs,100 g,"$1.99
 ea.",,$1.99 /100g,"Regular price
$2.19  ea.","Valid until Jan 24, 2024",https://product-images.metro.ca/images/h02/hd7/9518066106398.jpg,https://www.metro.ca/en/online-grocery/search-page-122
SELECTION,Walnut Halves,100 g,"$3.29
 ea.",,$3.29 /100g,,,https://product-images.metro.ca/images/h3d/hc5/10715262353438.jpg,https://www.metro.ca/en/online-grocery/search-page-122
GOGO SQUEEZ,Apple And Banana Sauce Pouches,4x90 g,"$4.99
 ea.",,$1.39 /100g,,,https://product-images.metro.ca/images/h64/h06/10695651229726.jpg,https://www.metro.ca/en/online-grocery/search-page-122
ORVILLE REDENBACHER,"Single Serve Buttery Flavoured Popping Corn, Gourmet",340 g,"$5.49
 ea.",,$1.61 /100g,"Regular price
$6.99  ea.","Valid until Jan 24, 2024",,https://www.metro.ca/en/online-grocery/search-page-122
STARBUCKS,Medium Roast Breakfast Blend Ground Coffee,340 g,"$13.29
 ea.",,$3.91 /100g,,,https://product-images.metro.ca/images/h12/h68/12266495442974.jpg,https://www.metro.ca/en/online-grocery/search-page-122
,Boneless Pork Sirloin Slices,2 slices per tray,"$4.29
 avg. ea.",(300 g avg.),$14.31 /kg$6.49 /lb.,,,https://product-images.metro.ca/images/h90/h4a/8886521495582.jpg,https://www.metro.ca/en/online-grocery/search-page-122
MCCAIN,Frozen Three Cheese Pizza Pockets,3x300 g,"$5.49
 ea.",,$1.83 /100g,,,https://product-images.metro.ca/images/hae/h7c/12227452534814.jpg,https://www.metro.ca/en/online-grocery/search-page-122
COATICOOK,Maple Taffy Flavoured Old-Fashioned Ice Cream,1.5 L,"$7.49
 ea.",,$0.50 /100ml,,,https://product-images.metro.ca/images/hb6/h7e/12083871547422.jpg,https://www.metro.ca/en/online-grocery/search-page-122
GLAD,"Plastic Wrap, Press'N Seal",1 un,"$5.49
 ea.",,$5.49 /un.,,,,https://www.metro.ca/en/online-grocery/search-page-122
FRESH GOURMET,"Caesar Premium Croûtons, Organic",128 g,"$4.99
 ea.",,$3.90 /100g,,,,https://www.metro.ca/en/online-grocery/search-page-122
ZIPLOC,Extra Large Sandwich Bags,30 un,"$3.79
 ea.",,$0.13 /un.,,,https://product-images.metro.ca/images/h21/h23/10784628310046.jpg,https://www.metro.ca/en/online-grocery/search-page-122
TIPIAK,Couscous,1 kg,"$8.49
 ea.",,$0.85 /100g,"Regular price
$9.99  ea.","Valid until Jan 10, 2024",https://product-images.metro.ca/images/hf4/h3a/9529993068574.jpg,https://www.metro.ca/en/online-grocery/search-page-122
FANCY FEAST,Grilled Turkey In Gravy Wet Cat Food,85 g,"$1.49
 ea.",,$1.75 /100g,,,https://product-images.metro.ca/images/he2/he3/11511509712926.jpg,https://www.metro.ca/en/online-grocery/search-page-122
,"Milk-Fed Veal Shank, Osso Buco",,"$15.07
 avg. ea.",(380 g avg.),$39.66 /kg$17.99 /lb.,,,https://product-images.metro.ca/images/hb2/h9c/9185837154334.jpg,https://www.metro.ca/en/online-grocery/search-page-122
SAPPORO,Japanese Lager Beer,4x500 mL - cans,"2 / 
$23.98",,or $13.99 ea. $0.60 /100ml,,"Valid until Feb 7, 2024",https://product-images.metro.ca/images/hb4/hca/11590580535326.jpg,https://www.metro.ca/en/online-grocery/search-page-122
WALLAROO TRAIL,"Australian Red Wine, BIN 212",500 mL,"$9.49
 ea.",,$1.90 /100ml,,,,https://www.metro.ca/en/online-grocery/search-page-122
METROGO!,Tasty Fruit Platter,,"$9.99
 ea.",,$1.48 /100g,,,https://product-images.metro.ca/images/h9b/h56/8837287280670.jpg,https://www.metro.ca/en/online-grocery/search-page-122
SELECTION,Baby Dill Pickles,1 L,"$3.79
 ea.",,$0.38 /100ml,"Regular price
$4.29  ea.","Valid until Jan 24, 2024",https://product-images.metro.ca/images/h4f/hc1/10882751430686.jpg,https://www.metro.ca/en/online-grocery/search-page-122
JELL-O,Grape Jelly Powder,85 g,"$1.59
 ea.",,$1.87 /100g,,,https://product-images.metro.ca/images/hd3/ha6/9986852618270.jpg,https://www.metro.ca/en/online-grocery/search-page-122
CLOVER LEAF,Hardwood Smoked Mussels,85 g,"2 / 
$5.00",,$2.94 /100g,"Regular price
$2.99  ea.","Valid until Jan 24, 2024",https://product-images.metro.ca/images/h8a/h7e/11675985051678.jpg,https://www.metro.ca/en/online-grocery/search-page-123
MAXWELL HOUSE,"Extra Large Morning Blend Coffee T Discs, Tassimo",14 un,"$9.49
 ea.",,$0.68 /un.,,,,https://www.metro.ca/en/online-grocery/search-page-123
CLUB HOUSE,Pure Vanilla Extract,125 mL,"$28.99
 ea.",,$23.19 /100ml,,,https://product-images.metro.ca/images/h3d/h62/10918219481118.jpg,https://www.metro.ca/en/online-grocery/search-page-123
KRAFT,Sweet Onion Dressing & Marinade,475 mL,"$4.49
 ea.",,$0.95 /100ml,,,https://product-images.metro.ca/images/h6c/h3d/9986872639518.jpg,https://www.metro.ca/en/online-grocery/search-page-123
SELECTION,Hot Pepper Rings,750 mL,"$3.49
 ea.",,$0.47 /100ml,,,https://www.metro.ca/images/shared/placeholders/icon-no-picture.svg?v=2023.71.1.d1,https://www.metro.ca/en/online-grocery/search-page-123
NUTRI,"Medium Brown Eggs, Free Run Hen",12 un,"$6.79
 ea.",,$0.57 /un.,,,,https://www.metro.ca/en/online-grocery/search-page-123
GOOD THINS,Gluten Free Simply Salted Rice Crackers,100 g,"$4.99
 ea.",,$4.99 /100g,,,https://product-images.metro.ca/images/hc7/hf0/11829810102302.jpg,https://www.metro.ca/en/online-grocery/search-page-123
SELECTION,Cinnamon Sticks,60 g,"$2.99
 ea.",,$4.98 /100g,,,https://product-images.metro.ca/images/h5e/hdc/9097222553630.jpg,https://www.metro.ca/en/online-grocery/search-page-123
RENÉE'S GOURMET,Classic Ranch Dressing And Dip,355 mL,"$5.99
 ea.",,$1.69 /100ml,,,https://product-images.metro.ca/images/h29/ha1/9986848227358.jpg,https://www.metro.ca/en/online-grocery/search-page-123
NONGSHIM,"Hot & Spicy Flavoured Instant Noodle Soup, Bowl Nood...",86 g,"$1.99
 ea.",,$2.31 /100g,,,,https://www.metro.ca/en/online-grocery/search-page-123
KNORR,"Instant Thickener For Brown Gravies, Veloutine",250 g,"$3.99
 ea.",,$1.60 /100g,,,,https://www.metro.ca/en/online-grocery/search-page-123
SELECTION,Red Split Lentils,900 g,"$2.99
 ea.",,$0.33 /100g,"Regular price
$3.39  ea.","Valid until Jan 24, 2024",https://product-images.metro.ca/images/h9b/h47/8954025869342.jpg,https://www.metro.ca/en/online-grocery/search-page-123
SELECTION,Hamburger Style Dill Pickles,1 L,"$3.79
 ea.",,$0.38 /100ml,"Regular price
$4.29  ea.","Valid until Jan 24, 2024",https://product-images.metro.ca/images/h2c/h0c/10882753232926.jpg,https://www.metro.ca/en/online-grocery/search-page-123
LINDT,"Milk Chocolate Bar, Swiss Classic",300 g,"$9.99
 ea.",,$3.33 /100g,,,,https://www.metro.ca/en/online-grocery/search-page-123
BETTY CROCKER,White Angel Food Cake Mix,430 g,"$4.49
 ea.",,$1.04 /100g,,,https://product-images.metro.ca/images/h0d/h3f/10393693290526.jpg,https://www.metro.ca/en/online-grocery/search-page-123
ZINDA,Medium Couscous,500 g,"$3.69
 ea.",,$0.74 /100g,,,https://product-images.metro.ca/images/h0c/h6f/9731829661726.jpg,https://www.metro.ca/en/online-grocery/search-page-123
CORDON BLEU,"Hot Chicken Sauce, Classics",398 mL,"$2.49
 ea.",,$0.63 /100ml,"Regular price
$3.79  ea.","Valid until Jan 10, 2024",,https://www.metro.ca/en/online-grocery/search-page-123
,"Bag Of Spartan Apples, Spartan",3 lb,"$6.99
 ea.",,$0.51 /100g,,,,https://www.metro.ca/en/online-grocery/search-page-123
MADEGOOD,Vanilla Crispy Squares,6x22 g,"$3.99
 ea.",,$3.02 /100g,"Regular price
$4.99  ea.","Valid until Feb 7, 2024",https://product-images.metro.ca/images/hb4/ha7/11696052502558.jpg,https://www.metro.ca/en/online-grocery/search-page-123
SELECTION,Frozen Chicken Pot Pie,450 g,"$6.00
 ea.",,$1.33 /100g,"Regular price
$6.99  ea.","Valid until Jan 17, 2024",https://product-images.metro.ca/images/hfc/heb/11307047288862.jpg,https://www.metro.ca/en/online-grocery/search-page-123
WALLAROO TRAIL,"Australian Red Wine, BIN 717",1 L,"$14.79
 ea.",,$1.48 /100ml,,,,https://www.metro.ca/en/online-grocery/search-page-123
SELECTION,Chicken Bouillon Concentrate,500 mL,"$5.49
 ea.",,$1.10 /100ml,"Regular price
$6.99  ea.","Valid until Jan 10, 2024",https://product-images.metro.ca/images/h5f/h82/11521150746654.jpg,https://www.metro.ca/en/online-grocery/search-page-123
SEL WINDSOR,Iodized Fine Crystals Sea Salt,750 g,"$6.49
 ea.",,$0.87 /100g,,,https://product-images.metro.ca/images/he8/h23/11754121723934.jpg,https://www.metro.ca/en/online-grocery/search-page-123
KELLOGG'S,"Cranberries & Almonds Bars, Special K Nourish","5 bars, 165 g","$5.29
 ea.",,$3.21 /100g,,,,https://www.metro.ca/en/online-grocery/search-page-123
CHRISTIE,"Fig Cookies, Newtons",283 g,"$4.99
 ea.",,$1.76 /100g,,,,https://www.metro.ca/en/online-grocery/search-page-123
FRESCA,Sugar Free Citrus Flavoured Soft Drink,12x355 mL,"$6.98
 ea.",,$0.16 /100ml,"Regular price
$7.99  ea.","Valid until Jan 10, 2024",https://product-images.metro.ca/images/h47/h48/10495658524702.jpg,https://www.metro.ca/en/online-grocery/search-page-123
METROGO!,Greek Salad,Small,"$2.99
 ea.",,$1.62 /100g,,,https://product-images.metro.ca/images/h55/hbb/8837120229406.jpg,https://www.metro.ca/en/online-grocery/search-page-123
,6" Garlic And Herbs Submarine Rolls,6x70 g,"$4.99
 ea.",,$1.19 /100g,,,,https://www.metro.ca/en/online-grocery/search-page-123
MAXWELL HOUSE,"Rich Dark Roast Coffee T Discs, Tassimo",14 un,"$9.49
 ea.",,$0.68 /un.,,,,https://www.metro.ca/en/online-grocery/search-page-123
DE CECCO,Fusili Pasta,454 g,"$2.99
 ea.",,$0.66 /100g,"Regular price
$3.79  ea.","Valid until Jan 24, 2024",https://product-images.metro.ca/images/h17/hd6/11307141857310.jpg,https://www.metro.ca/en/online-grocery/search-page-123
BOLTHOUSE FARMS,Berry Boost™ Fruit Juice Smoothie,946 mL,"$6.99
 ea.",,$0.74 /100ml,,,https://product-images.metro.ca/images/hf6/h17/9529687113758.jpg,https://www.metro.ca/en/online-grocery/search-page-124
COCA-COLA,"Zero Calorie Soft Drink, Zero Sugar",2 L,"$3.69
 ea.",,$0.18 /100ml,,,,https://www.metro.ca/en/online-grocery/search-page-124
SELECTION,Chocolate Dipped Ice Cream Cones,12 un,"$2.99
 ea.",,$0.25 /un.,"Regular price
$3.39  ea.","Valid until Jan 24, 2024",,https://www.metro.ca/en/online-grocery/search-page-124
NESTLÉ,"White Chocolate Bar, Aero",42 g,"$1.59
 ea.",,$3.79 /100g,,,,https://www.metro.ca/en/online-grocery/search-page-124
HIGH LINER,Frozen Mediterranean Lightly Breaded Wild Pacific Pi...,540 g,"$18.99
 ea.",,$3.52 /100g,,,,https://www.metro.ca/en/online-grocery/search-page-124
ORVILLE REDENBACHER,"Sweet And Salty Flavoured Popcorn, Gourmet",220 g,"$4.79
 ea.",,$2.18 /100g,,,,https://www.metro.ca/en/online-grocery/search-page-124
BONNE MAMAN,Strawberry And Wild Strawberry Spread,280 mL,"$7.49
 ea.",,$2.67 /100ml,,,https://product-images.metro.ca/images/hcb/hc3/9529939558430.jpg,https://www.metro.ca/en/online-grocery/search-page-124
MOTT'S,"Berry Flavoured Fruit & Veggie Snacks, Fruitsations",226 g,"2 / 
$7.00",,$1.55 /100g,"Regular price
$4.99  ea.","Valid until Feb 7, 2024",,https://www.metro.ca/en/online-grocery/search-page-124
,Meat Strips Trio,1 pack,"$19.82
 avg. ea.",(900 g avg.),$22.02 /kg$9.99 /lb.,,,https://product-images.metro.ca/images/ha1/h78/8865030635550.jpg,https://www.metro.ca/en/online-grocery/search-page-124
TRE STELLE,Mascarpone Cheese,475 g,"$16.99
 ea.",,$3.58 /100g,"Regular price
$17.99  ea.","Valid until Jan 17, 2024",https://product-images.metro.ca/images/hb6/hdb/10821311168542.jpg,https://www.metro.ca/en/online-grocery/search-page-124
CEDAR,Pearl Barley,907 g,"$3.39
 ea.",,$0.37 /100g,,,https://product-images.metro.ca/images/h9a/h9a/10278130974750.jpg,https://www.metro.ca/en/online-grocery/search-page-124
ATTITUDE,Thyme And Citrus All-Purpose Cleaning Spray,800 mL,"$6.29
 ea.",,$0.79 /100ml,,,https://product-images.metro.ca/images/ha2/h2b/10236499197982.jpg,https://www.metro.ca/en/online-grocery/search-page-124
PEPSI,Soft Drink,8x355 mL - bottle,"$5.99
 ea.",,$0.21 /100ml,"Regular price
$6.79  ea.","Valid until Jan 24, 2024",https://product-images.metro.ca/images/h72/h53/10044991275038.jpg,https://www.metro.ca/en/online-grocery/search-page-124
MICHELINA'S,Frozen Macaroni And Beef,255 g,"2 / 
$5.00",,$0.98 /100g,"Regular price
$3.69  ea.","Valid until Feb 14, 2024",https://product-images.metro.ca/images/h46/h6e/11760051879966.jpg,https://www.metro.ca/en/online-grocery/search-page-124
HIGH LINER,Frozen Breaded Fish Sticks In A Family Pack,700 g,"$8.99
 ea.",,$1.28 /100g,"Regular price
$12.99  ea.","Valid until Jan 17, 2024",https://product-images.metro.ca/images/h26/h28/10778639695902.jpg,https://www.metro.ca/en/online-grocery/search-page-124
DUBRETON,Organic Mild Italian Sausages,4x100 g,"$9.99
 ea.",,$2.50 /100g,,,https://product-images.metro.ca/images/h92/h68/9916374351902.jpg,https://www.metro.ca/en/online-grocery/search-page-124
SELECTION,Strawberry Watermelon Flavoured Sparkling Water,1 L,"$0.99
 ea.",,$0.10 /100ml,"Regular price
$1.19  ea.","Valid until Jan 10, 2024",https://product-images.metro.ca/images/h57/h23/11521264353310.jpg,https://www.metro.ca/en/online-grocery/search-page-124
PREMIÈRE MOISSON,Shaved Black Forest Smoked Ham,175 g,"$7.99
 ea.",,$4.57 /100g,"Regular price
$8.49  ea.","Valid until Jan 17, 2024",https://product-images.metro.ca/images/ha0/he0/11430590119966.jpg,https://www.metro.ca/en/online-grocery/search-page-124
HELLMANN'S,Avocado Oil Mayonnaise Type Dressing With A Hint Of ...,710 mL,"$6.99
 ea.",,$0.98 /100ml,"Regular price
$8.49  ea.","Valid until Jan 24, 2024",,https://www.metro.ca/en/online-grocery/search-page-124
SMART ONES,"Frozen Three Cheese Ziti Marinara, Signature",255 g,"3 / 
$10.00",,$1.31 /100g,"Regular price
$4.49  ea.","Valid until Feb 14, 2024",,https://www.metro.ca/en/online-grocery/search-page-124
STELLA ARTOIS,Belgian Blonde Lager Beer,12x330 mL - cans,"$23.99
 ea.",,$0.56 /100ml,"Regular price
$25.99  ea.","Valid until Jan 10, 2024",https://product-images.metro.ca/images/he7/hbc/9466925449246.jpg,https://www.metro.ca/en/online-grocery/search-page-124
DENTYNE,"Cinnamon Flavoured Sugar-Free Gum, Fire",1 un,"$1.49
 ea.",,$1.49 /un.,,,,https://www.metro.ca/en/online-grocery/search-page-124
ORVILLE REDENBACHER,"Movie Theater Butter Flavoured Popcorn, Gourmet",150 g,"$4.79
 ea.",,$3.19 /100g,,,,https://www.metro.ca/en/online-grocery/search-page-124
TETLEY,Decaffeinated Orange Pekoe,80 un,"$11.99
 ea.",,$0.15 /un.,,,https://product-images.metro.ca/images/h39/h17/9519021621278.jpg,https://www.metro.ca/en/online-grocery/search-page-124
PLAISIRS GASTRONOMIQUES,Chicken Couscous Salad,300 g,"$6.99
 ea.",,$2.33 /100g,,,https://product-images.metro.ca/images/hcf/h68/9529741279262.jpg,https://www.metro.ca/en/online-grocery/search-page-124
ALKANATER,Tahina Ground Sesame Seeds,908 g,"$10.99
 ea.",,$1.21 /100g,"Regular price
$14.49  ea.","Valid until Jan 24, 2024",https://product-images.metro.ca/images/h17/he0/9633832206366.jpg,https://www.metro.ca/en/online-grocery/search-page-124
GREYSTONE PARK,"Australian Red Wine, Bin 87",4 L,"$49.99
 ea.",,$1.25 /100ml,,,,https://www.metro.ca/en/online-grocery/search-page-124
METROGO!,Mussel Salad,,"$7.48
 avg. ea.",,$17.61 /kg$7.99 /lb.,,,https://product-images.metro.ca/images/h84/hb1/8900508254238.jpg,https://www.metro.ca/en/online-grocery/search-page-124
,Yellow Hot Pepper,,"$0.33
 avg. ea.",(30 g avg.),$11.00 /kg$4.99 /lb.,,,https://product-images.metro.ca/images/h4a/hf1/9254265028638.jpg,https://www.metro.ca/en/online-grocery/search-page-124
ST-HUBERT,Garden Medley And Chicken Soup,540 mL,"$3.99
 ea.",,$0.74 /100ml,,,https://product-images.metro.ca/images/h4e/hc9/10390710386718.jpg,https://www.metro.ca/en/online-grocery/search-page-124
KRAFT,"Classic Herb Dressing, Signature",475 mL,"$4.49
 ea.",,$0.95 /100ml,,,,https://www.metro.ca/en/online-grocery/search-page-125
PLAISIRS GASTRONOMIQUES,Ham And Cheese Puff Pastry,540 g,"$9.99
 ea.",,$1.85 /100g,,,https://product-images.metro.ca/images/h1c/he1/9530455359518.jpg,https://www.metro.ca/en/online-grocery/search-page-125
MINUTE RICE,Ready-To-Serve Long Grain And Wild Rice With Fine Herbs,2x125 g,"2 / 
$5.50",,$1.10 /100g,"Regular price
$3.29  ea.","Valid until Jan 24, 2024",https://product-images.metro.ca/images/h76/h5c/10685960519710.jpg,https://www.metro.ca/en/online-grocery/search-page-125
NOTRE VIN MAISON,Canadian Red Wine,500 mL,"$8.99
 ea.",,$1.80 /100ml,,,https://product-images.metro.ca/images/h9e/h60/10529547845662.jpg,https://www.metro.ca/en/online-grocery/search-page-125
SENSODYNE,Whitening Toothpaste For Sensitive Teeth With Tartar...,100 mL,"$5.99
 ea.",,$5.99 /100ml,,,,https://www.metro.ca/en/online-grocery/search-page-125
JELL-O,Lime Flavoured Light Jelly Powder,10.3 g,"$1.59
 ea.",,$15.44 /100g,,,https://product-images.metro.ca/images/h62/ha7/10151798013982.jpg,https://www.metro.ca/en/online-grocery/search-page-125
COMMENSAL,Minestrone Soup,600 mL,"$7.79
 ea.",,$1.30 /100ml,,,https://product-images.metro.ca/images/h97/hf7/10062174224414.jpg,https://www.metro.ca/en/online-grocery/search-page-125
SARDO,"Party Mix Olives, Deli Market",500 mL,"$6.99
 ea.",,$1.40 /100ml,,,,https://www.metro.ca/en/online-grocery/search-page-125
GATORADE,"Glacier Freeze Flavoured Sport Drink Beverage, Frost",6x591 mL,"$5.99
 ea.",,$0.17 /100ml,"Regular price
$7.99  ea.","Valid until Jan 10, 2024",,https://www.metro.ca/en/online-grocery/search-page-125
MARC ANGELO,Souvlaki Pork Sirloin Kabobs,320 g,"$8.99
 ea.",,$2.81 /100g,,,https://product-images.metro.ca/images/h01/hb4/11432668856350.jpg,https://www.metro.ca/en/online-grocery/search-page-125
ZIPLOC,Extra Large Freezer Bags,10 un,"$8.99
 ea.",,$0.90 /un.,,,https://product-images.metro.ca/images/h8a/hcc/10778545225758.jpg,https://www.metro.ca/en/online-grocery/search-page-125
NEW YORK STYLE,"Parmesan, Garlic And Herb Flavoured Pita Chips",227 g,"$6.99
 ea.",,$3.08 /100g,,,https://product-images.metro.ca/images/hca/h8c/9530289946654.jpg,https://www.metro.ca/en/online-grocery/search-page-125
PLAISIRS GASTRONOMIQUES,Ham And Asparagus Quiche,575 g,"$9.99
 ea.",,$1.74 /100g,,,https://product-images.metro.ca/images/hcc/hab/9529765658654.jpg,https://www.metro.ca/en/online-grocery/search-page-125
TENDERFLAKE,Frozen Puff Pastry,397 g,"$4.29
 ea.",,$1.08 /100g,,,https://product-images.metro.ca/images/h9c/h8c/12174867038238.jpg,https://www.metro.ca/en/online-grocery/search-page-125
METROGO!,Half Cantaloupe,,"$2.99
 ea.",,$0.66 /100g,,,https://product-images.metro.ca/images/hc5/h75/9222193381406.jpg,https://www.metro.ca/en/online-grocery/search-page-125
METROGO!,Farfalle Caesar Salad,,"$3.45
 avg. ea.",(165 g avg.),$20.90 /kg$9.48 /lb.,,,https://product-images.metro.ca/images/h65/h0e/8868255268894.jpg,https://www.metro.ca/en/online-grocery/search-page-125
,Organic Avocado,Sold individually,"2 / 
$5.00",,$2.50 /un.,"Regular price
$2.99  ea.","Valid until Jan 10, 2024",https://product-images.metro.ca/images/h1c/h14/8837332434974.jpg,https://www.metro.ca/en/online-grocery/search-page-125
LECLERC,"Chocolate Coated Caramel Chewy Bars, Choco Max",175 g,"$1.77
 ea.",,$1.01 /100g,"Regular price
$3.79  ea.","Valid until Jan 10, 2024",,https://www.metro.ca/en/online-grocery/search-page-125
SMUCKER'S,"Blueberry Jam, Pure",250 mL,"$4.99
 ea.",,$2.00 /100ml,,,,https://www.metro.ca/en/online-grocery/search-page-125
SELECTION,"Medium Compostable Liners For Green Bins, Eco",10 un,"$4.99
 ea.",,$0.50 /un.,,,,https://www.metro.ca/en/online-grocery/search-page-125
PLAISIRS GASTRONOMIQUES,Cognac Meat Pâté De Campagne,150 g,"$4.79
 ea.",,$3.19 /100g,,,https://product-images.metro.ca/images/h9d/h4e/9529804292126.jpg,https://www.metro.ca/en/online-grocery/search-page-125
JELL-O,Rich Milk Chocolate Flavoured Pudding,4x106 g,"2 / 
$8.00",,$0.94 /100g,"Regular price
$4.79  ea.","Valid until Feb 14, 2024",https://product-images.metro.ca/images/hfc/hfa/9987138682910.jpg,https://www.metro.ca/en/online-grocery/search-page-125
MASTRO,Roasted Ham Tuscany Style,,"$4.29
 / 100 g",,$42.90 /kg$19.46 /lb.,"Regular price
$47.90  / kg","Valid until Jan 17, 2024",https://product-images.metro.ca/images/hf9/h3f/9204798554142.jpg,https://www.metro.ca/en/online-grocery/search-page-125
SELECTION,Frozen Mixed Vegtables,2 kg,"$6.49
 ea.",,$0.32 /100g,,,https://product-images.metro.ca/images/h39/h3e/10784689192990.jpg,https://www.metro.ca/en/online-grocery/search-page-125
ANNIE'S,Bunny Pasta And Yummy Cheese,170 g,"$3.69
 ea.",,$2.17 /100g,,,https://product-images.metro.ca/images/he4/h63/11693748027422.jpg,https://www.metro.ca/en/online-grocery/search-page-125
HERSHEY'S,"Chocolate Bars, Oh Henry!",4x58 g,"$6.79
 ea.",,$2.93 /100g,,,,https://www.metro.ca/en/online-grocery/search-page-125
JIF,Crunchy Peanut Butter,500 g,"$5.79
 ea.",,$1.16 /100g,,,https://product-images.metro.ca/images/h8d/hf2/11412558512158.jpg,https://www.metro.ca/en/online-grocery/search-page-125
KELLOGG'S,"Fruit & Yogourt Cereal, Special K",360 g,"$4.49
 ea.",,$1.25 /100g,"Regular price
$7.29  ea.","Valid until Jan 10, 2024",,https://www.metro.ca/en/online-grocery/search-page-125
TWIZZLERS,"Cherry Flavoured Candy, Nibs",400 g,"$4.99
 ea.",,$1.25 /100g,,,,https://www.metro.ca/en/online-grocery/search-page-125
JELL-O,Lemon Jelly Powder Without Added Sugar,9.1 g,"$1.59
 ea.",,$17.47 /100g,,,https://product-images.metro.ca/images/h82/h3d/9670275563550.jpg,https://www.metro.ca/en/online-grocery/search-page-125
METROGO!,Taco Dip,,"$8.99
 ea.",,$2.25 /100g,,,https://product-images.metro.ca/images/hca/ha3/11930965016606.jpg,https://www.metro.ca/en/online-grocery/search-page-126
IRRESISTIBLES,Spicy Cocktail Sauce,250 mL,"$4.49
 ea.",,$1.80 /100ml,"Regular price
$4.99  ea.","Valid until Jan 17, 2024",https://product-images.metro.ca/images/h0a/hd8/9518658486302.jpg,https://www.metro.ca/en/online-grocery/search-page-126
HEALTHY CHOICE,Grilled Chicken Pesto,301 g,"$5.99
 ea.",,$1.99 /100g,,,https://product-images.metro.ca/images/hc8/he9/9927506952222.jpg,https://www.metro.ca/en/online-grocery/search-page-126
LYSOL,Toilet Bowl Cleaner With Bleach,710 ml,"$3.99
 ea.",,$0.56 /100ml,"Regular price
$4.99  ea.","Valid until Feb 7, 2024",https://product-images.metro.ca/images/h5d/h00/9763071852574.jpg,https://www.metro.ca/en/online-grocery/search-page-126
KRAFT,Asian Sesame Dressing,475 mL,"$4.49
 ea.",,$0.95 /100ml,,,https://product-images.metro.ca/images/h18/hab/9986892529694.jpg,https://www.metro.ca/en/online-grocery/search-page-126
SNACK FACTORY,"Garlic And Parmesan Deli Style Crackers, Pretzel Crisps",200 g,"$6.99
 ea.",,$3.50 /100g,,,,https://www.metro.ca/en/online-grocery/search-page-126
DERLEA,Garlic Puree,125 g,"$2.99
 ea.",,$2.39 /100g,,,https://product-images.metro.ca/images/h95/h25/11257089490974.jpg,https://www.metro.ca/en/online-grocery/search-page-126
CHOCOLATS FAVORIS,Original Milk Chocolate Fondue,425 g,"$13.99
 ea.",,$3.29 /100g,,,https://product-images.metro.ca/images/h9f/hba/10333749248030.jpg,https://www.metro.ca/en/online-grocery/search-page-126
SELECTION,"Basket Coffee Filters, Eco",100 un,"$4.49
 ea.",,$0.04 /un.,,,,https://www.metro.ca/en/online-grocery/search-page-126
NESTEA,Lemon Flavoured Iced Tea,12x341 mL,"$8.99
 ea.",,$0.22 /100ml,,,https://product-images.metro.ca/images/h0d/hcc/10495604621342.jpg,https://www.metro.ca/en/online-grocery/search-page-126
NESTLÉ,Lifesavers® Sweet Meets Sour Ice Pops,10x65 mL,"$5.99
 ea.",,$0.92 /100ml,"Regular price
$8.79  ea.","Valid until Jan 24, 2024",https://product-images.metro.ca/images/hf6/h3b/10529560363038.jpg,https://www.metro.ca/en/online-grocery/search-page-126
RITTER SPORT,Milk Chocolate With Whole Hazelnuts,100 g,"$3.49
 ea.",,$3.49 /100g,"Regular price
$4.49  ea.","Valid until Jan 24, 2024",https://product-images.metro.ca/images/hd6/h7c/11432665448478.jpg,https://www.metro.ca/en/online-grocery/search-page-126
PEARLMARK,Frozen Butterfly Cut Scampi Tails,454 g,"$26.99
 ea.",,$5.94 /100g,,,https://product-images.metro.ca/images/h30/hcd/11401295364126.jpg,https://www.metro.ca/en/online-grocery/search-page-126
FRUITOPIA,Frozen Concentrated Strawberry And Fruit Beverage,295 mL,"$1.99
 ea.",,$0.67 /100ml,,,https://product-images.metro.ca/images/h6a/h67/12349513269278.jpg,https://www.metro.ca/en/online-grocery/search-page-126
CORDON BLEU,"Bbq Sauce, Classics",398 mL,"$2.49
 ea.",,$0.63 /100ml,"Regular price
$3.79  ea.","Valid until Jan 10, 2024",,https://www.metro.ca/en/online-grocery/search-page-126
METROGO!,Garden Salad,Large,"$8.99
 ea.",,$1.38 /100g,,,https://product-images.metro.ca/images/h1f/h56/8837082546206.jpg,https://www.metro.ca/en/online-grocery/search-page-126
SELECTION,Ice Cream Cones,36 un,"$2.99
 ea.",,$0.08 /un.,,,https://product-images.metro.ca/images/hac/h87/10250230988830.jpg,https://www.metro.ca/en/online-grocery/search-page-126
CATELLI,Whole Wheat Penne Rigate,375 g,"$3.99
 ea.",,$1.06 /100g,,,https://product-images.metro.ca/images/h31/hd0/11374809677854.jpg,https://www.metro.ca/en/online-grocery/search-page-126
SMUCKER'S,Chocolate Sundae Syrup™,428 mL,"$4.69
 ea.",,$1.10 /100ml,"Regular price
$5.29  ea.","Valid until Jan 24, 2024",https://product-images.metro.ca/images/hb2/hc9/11412517191710.jpg,https://www.metro.ca/en/online-grocery/search-page-126
FRUITOPIA,Frozen Concentrated Fruit Punch,295 mL,"$1.99
 ea.",,$0.67 /100ml,,,https://product-images.metro.ca/images/hb9/h3e/12349511499806.jpg,https://www.metro.ca/en/online-grocery/search-page-126
LACTANTIA,15% Table Cream,473 mL,"$4.49
 ea.",,$0.95 /100ml,,,https://product-images.metro.ca/images/hab/h52/11354259652638.jpg,https://www.metro.ca/en/online-grocery/search-page-126
NONGSHIM,"Spicy Kimchi Flavoured Instant Noodle Soup, Bowl Noo...",86 g,"$1.99
 ea.",,$2.31 /100g,,,,https://www.metro.ca/en/online-grocery/search-page-126
ATTITUDE,Citrus Zest Bathroom Cleaning Spray,800 mL,"$6.29
 ea.",,$0.79 /100ml,,,https://product-images.metro.ca/images/hd5/hdb/10236501000222.jpg,https://www.metro.ca/en/online-grocery/search-page-126
IRRESISTIBLES,Costa Rica Ground Coffee,340 g,"$6.99
 ea.",,$2.06 /100g,"Regular price
$8.49  ea.","Valid until Jan 10, 2024",https://product-images.metro.ca/images/h5a/h9c/11521279197214.jpg,https://www.metro.ca/en/online-grocery/search-page-126
SELECTION,Design Paper Plates - 22cm,30 un,"$6.49
 ea.",,$0.22 /un.,,,https://product-images.metro.ca/images/h29/h48/8809476653086.jpg,https://www.metro.ca/en/online-grocery/search-page-126
AGROPUR SIGNATURE,L'Extra™ Grand Camembert Cheese,1 piece,"$5.74
 avg. ea.",(115 g avg.),$49.90 /kg$22.63 /lb.,,,https://product-images.metro.ca/images/h3d/h49/9203039141918.jpg,https://www.metro.ca/en/online-grocery/search-page-126
SELECTION,White Navy Beans,900 g,"$1.99
 ea.",,$0.22 /100g,"Regular price
$2.69  ea.","Valid until Jan 24, 2024",https://product-images.metro.ca/images/he5/h0e/8954096025630.jpg,https://www.metro.ca/en/online-grocery/search-page-126
PEEK FREANS,"Shortcake Biscuits, LifeStyle",290 g,"$3.79
 ea.",,$1.31 /100g,"Regular price
$4.99  ea.","Valid until Jan 24, 2024",,https://www.metro.ca/en/online-grocery/search-page-126
KIJU,Organic Mango & Orange Juice,1 L,"$3.99
 ea.",,$0.40 /100ml,,,https://product-images.metro.ca/images/h80/hd0/10521695944734.jpg,https://www.metro.ca/en/online-grocery/search-page-126
DAINTY,Spanish Cooked Rice,350 g,"$2.99
 ea.",,$0.85 /100g,,,https://product-images.metro.ca/images/h97/he0/10715308490782.jpg,https://www.metro.ca/en/online-grocery/search-page-126
OXICLEAN,Pre-Treat Laundry Stain Removing Spray,650 ml,"$4.69
 ea.",,$0.72 /100ml,,,https://product-images.metro.ca/images/h43/hf3/11570846335006.jpg,https://www.metro.ca/en/online-grocery/search-page-127
BOLTHOUSE FARMS,C-Boost™ Fruit Juice Smoothie,946 mL,"$6.99
 ea.",,$0.74 /100ml,,,https://product-images.metro.ca/images/h81/hdc/11754046947358.jpg,https://www.metro.ca/en/online-grocery/search-page-127
NESTLÉ,"Peppermint Flavoured Chocolate Bar, Aero",41 g,"$1.59
 ea.",,$3.88 /100g,,,,https://www.metro.ca/en/online-grocery/search-page-127
TEMPTATIONS,"Seafood Medley Flavoured Cat Treats, Mega-Pack",180 g,"$3.79
 ea.",,$2.11 /100g,"Regular price
$4.79  ea.","Valid until Jan 24, 2024",,https://www.metro.ca/en/online-grocery/search-page-127
METROGO!,Strawberry And Mango Chunks,325 g,"$5.99
 ea.",,$1.84 /100g,,,https://product-images.metro.ca/images/ha5/hc8/9014649749534.jpg,https://www.metro.ca/en/online-grocery/search-page-127
GARDEIN,Frozen Mandarin And Orange Plant-Based Crispy Chick'N,300 g,"$6.99
 ea.",,$2.33 /100g,"Regular price
$7.49  ea.","Valid until Feb 14, 2024",https://product-images.metro.ca/images/hf9/hdd/11665315659806.jpg,https://www.metro.ca/en/online-grocery/search-page-127
SELECTION,Grape Flavoured Beverage,2 L,"$2.69
 ea.",,$0.13 /100ml,,,https://product-images.metro.ca/images/haf/he8/11521018167326.jpg,https://www.metro.ca/en/online-grocery/search-page-127
VILEDA,Dish Sponge Scrunge Wand Refill,1 un,"$2.99
 ea.",,$2.99 /un.,"Regular price
$4.29  ea.","Valid until Feb 7, 2024",https://product-images.metro.ca/images/h89/h44/10183766442014.jpg,https://www.metro.ca/en/online-grocery/search-page-127
M'LORD,Whole Artichoke Hearts,398 mL,"$4.99
 ea.",,$1.25 /100ml,,,https://product-images.metro.ca/images/h1c/h85/11521162018846.jpg,https://www.metro.ca/en/online-grocery/search-page-127
VILEDA,"Multi-Use Scrub Sponde, Scrunge",2 un,"$2.99
 ea.",,$2.99 /un.,"Regular price
$4.49  ea.","Valid until Feb 7, 2024",,https://www.metro.ca/en/online-grocery/search-page-127
LA FROMAGERIE BOIVIN,White Cheddar Cheese,1 piece,"$5.06
 avg. ea.",(145 g avg.),$34.90 /kg$15.83 /lb.,,,https://product-images.metro.ca/images/h03/h24/10269151395870.jpg,https://www.metro.ca/en/online-grocery/search-page-127
SELECTION,Cranberry And Raspberry Flavoured Sparkling Water,1 L,"$0.99
 ea.",,$0.10 /100ml,"Regular price
$1.19  ea.","Valid until Jan 10, 2024",https://product-images.metro.ca/images/h9f/h20/10108934979614.jpg,https://www.metro.ca/en/online-grocery/search-page-127
SAPPORO ICHIBAN,Chicken Flavoured Japanese Style Instant Noodle Soup,100 g,"$1.59
 ea.",,$1.59 /100g,,,https://product-images.metro.ca/images/h97/hda/11281582555166.jpg,https://www.metro.ca/en/online-grocery/search-page-127
IRRESISTIBLES,Diet Cranberry Cocktail,1.89 L,"$4.49
 ea.",,$0.24 /100ml,"Regular price
$4.99  ea.","Valid until Jan 24, 2024",https://product-images.metro.ca/images/hca/hce/10946086830110.jpg,https://www.metro.ca/en/online-grocery/search-page-127
BELLA CASARA,Burrata Cheese,250 g,"$15.99
 ea.",,$6.40 /100g,,,https://product-images.metro.ca/images/h15/hd4/9522544476190.jpg,https://www.metro.ca/en/online-grocery/search-page-127
BETTY CROCKER,Roasted Garlic Instant Mashed Potatoes,215 g,"$3.99
 ea.",,$1.86 /100g,,,https://product-images.metro.ca/images/hc6/hb9/9882975305758.jpg,https://www.metro.ca/en/online-grocery/search-page-127
COATICOOK,Orange Flavoured Old-Fashioned Ice Cream,2 L,"$5.99
 ea.",,$0.30 /100ml,,,https://product-images.metro.ca/images/ha5/h2f/11477800550430.jpg,https://www.metro.ca/en/online-grocery/search-page-127
RYVITA,Multi-Grain Crispbread,250 g,"$4.19
 ea.",,$1.68 /100g,"Regular price
$4.99  ea.","Valid until Jan 24, 2024",https://product-images.metro.ca/images/h03/h58/11243906138142.jpg,https://www.metro.ca/en/online-grocery/search-page-127
NESTLÉ,"Crispy Rice Milk Chocolate Bar, Crunch",44 g,"$1.59
 ea.",,$3.61 /100g,,,,https://www.metro.ca/en/online-grocery/search-page-127
DARE,"Origina Mini Soft Bite-Sized Cookies, Bear Paws",210 g,"$4.69
 ea.",,$2.23 /100g,,,,https://www.metro.ca/en/online-grocery/search-page-127
SELECTION,Ranch Dressing,475 mL,"$2.99
 ea.",,$0.63 /100ml,"Regular price
$3.69  ea.","Valid until Jan 24, 2024",https://product-images.metro.ca/images/hfa/hf9/11521117814814.jpg,https://www.metro.ca/en/online-grocery/search-page-127
HUNGRY-MAN,Turkey Frozen Meal,455 g,"$6.29
 ea.",,$1.38 /100g,,,https://product-images.metro.ca/images/hac/h10/9521746706462.jpg,https://www.metro.ca/en/online-grocery/search-page-127
HERTEL,Lemon And Verbena All-Purpose Cleaning Spray,700 ml,"$4.39
 ea.",,$0.63 /100ml,,,https://product-images.metro.ca/images/h07/h87/9521700634654.jpg,https://www.metro.ca/en/online-grocery/search-page-127
PRINGLES,"Sour Cream And Onion Chips, Party Stack",203 g,"2 / 
$7.00",,$1.73 /100g,"Regular price
$4.79  ea.","Valid until Jan 24, 2024",,https://www.metro.ca/en/online-grocery/search-page-127
,Frozen Lobster Tail,2-3 oz,"$7.99
 ea.",,$7.99 /un.,"Regular price
$9.99  ea.","Valid until Jan 10, 2024",https://product-images.metro.ca/images/haa/h53/9906509381662.jpg,https://www.metro.ca/en/online-grocery/search-page-127
METROGO!,Grappoli Tomato Salad,,"$7.18
 avg. ea.",(225 g avg.),$31.90 /kg$14.47 /lb.,,,https://product-images.metro.ca/images/he9/h92/11926697836574.jpg,https://www.metro.ca/en/online-grocery/search-page-127
PEPSI,"Zero Calorie Soft Drink, Max",12x355 mL,"$6.98
 ea.",,$0.16 /100ml,"Regular price
$7.99  ea.","Valid until Jan 10, 2024",,https://www.metro.ca/en/online-grocery/search-page-127
PATAK'S,Butter Chicken Cooking Sauce,400 mL,"$6.29
 ea.",,$1.57 /100ml,,,https://product-images.metro.ca/images/hbe/h38/10497145831454.jpg,https://www.metro.ca/en/online-grocery/search-page-127
RITTER SPORT,Dark Chocolate With Whole Hazelnuts,100 g,"$3.49
 ea.",,$3.49 /100g,"Regular price
$4.49  ea.","Valid until Jan 24, 2024",https://product-images.metro.ca/images/h23/h3b/11432667054110.jpg,https://www.metro.ca/en/online-grocery/search-page-127
CLOVER LEAF,Low Sodium Wild Pacific Pink Salmon,213 g,"$3.99
 ea.",,$1.87 /100g,"Regular price
$4.99  ea.","Valid until Jan 24, 2024",https://product-images.metro.ca/images/h71/h56/11679626887198.jpg,https://www.metro.ca/en/online-grocery/search-page-127
ATTITUDE,Citrus Zest All Purpose Cleaning Spray,800 mL,"$6.29
 ea.",,$0.79 /100ml,,,https://product-images.metro.ca/images/h20/hba/10236499263518.jpg,https://www.metro.ca/en/online-grocery/search-page-128
KICKING HORSE,Organic Three Sisters® Ground Coffee,284 g,"$13.99
 ea.",,$4.93 /100g,,,https://product-images.metro.ca/images/h88/h75/12191656542238.jpg,https://www.metro.ca/en/online-grocery/search-page-128
TASSIMO,"Long Espresso Coffee T Discs, Carte Noire",14 un,"$10.49
 ea.",,$0.75 /un.,,,,https://www.metro.ca/en/online-grocery/search-page-128
IRRESISTIBLES,Parmesan And Garlic Swiss Twists,100 g,"$3.49
 ea.",,$3.49 /100g,,,https://product-images.metro.ca/images/h52/h86/12240722264094.jpg,https://www.metro.ca/en/online-grocery/search-page-128
SMART ONES,"Frozen Santa Fe Style Rice And Beans, Signature",255 g,"3 / 
$10.00",,$1.31 /100g,"Regular price
$4.49  ea.","Valid until Feb 14, 2024",,https://www.metro.ca/en/online-grocery/search-page-128
COORS LIGHT,Light Lager Beer,12x341 mL - bottles,"$21.99
 ea.",,$0.54 /100ml,,,https://product-images.metro.ca/images/hdd/h5e/11513925599262.jpg,https://www.metro.ca/en/online-grocery/search-page-128
FANCY FEAST,Cat Food Pâté With Chicken Bites,85 g,"$1.49
 ea.",,$1.75 /100g,,,https://product-images.metro.ca/images/h32/h0f/11511507779614.jpg,https://www.metro.ca/en/online-grocery/search-page-128
MATT & STEVE'S,"Hot & Spicy Pickled Beans, The Extreme Bean",500 mL,"$5.49
 ea.",,$1.10 /100ml,"Regular price
$6.29  ea.","Valid until Jan 24, 2024",,https://www.metro.ca/en/online-grocery/search-page-128
CHEF LELARGE,Extra Fine Cut Hearts Of Palm,398 mL,"$4.49
 ea.",,$1.13 /100ml,"Regular price
$4.99  ea.","Valid until Jan 24, 2024",https://product-images.metro.ca/images/hac/h19/9518997307422.jpg,https://www.metro.ca/en/online-grocery/search-page-128
BLUEWATER SEAFOODS,Frozen Tempura Battered Haddock Fillets,350 g,"$8.99
 ea.",,$2.57 /100g,"Regular price
$12.99  ea.","Valid until Jan 10, 2024",https://product-images.metro.ca/images/h28/hd9/12048163864606.jpg,https://www.metro.ca/en/online-grocery/search-page-128
BRUNSWICK,Canadian Sardines With Hot Peppers,106 g,"$2.79
 ea.",,$2.63 /100g,,,https://product-images.metro.ca/images/hf7/h1e/9526863659038.jpg,https://www.metro.ca/en/online-grocery/search-page-128
KICKING HORSE,Organic Cliff Hanger Espresso Coffee Beans,454 g,"$13.99
 ea.",,$3.08 /100g,"Regular price
$18.99  ea.","Valid until Feb 7, 2024",https://product-images.metro.ca/images/h8c/h4d/11665339580446.jpg,https://www.metro.ca/en/online-grocery/search-page-128
SILK,Unsweetened Vanilla Flavoured Coconut Milk Based Yogurt,680g,"$5.49
 ea.",,$0.81 /100g,"Regular price
$6.79  ea.","Valid until Feb 14, 2024",https://product-images.metro.ca/images/h85/hc3/10518842671134.jpg,https://www.metro.ca/en/online-grocery/search-page-128
GRISSOL,Sesame Melba Toast,200 g,"$1.99
 ea.",,$1.00 /100g,"Regular price
$4.29  ea.","Valid until Jan 10, 2024",https://product-images.metro.ca/images/hca/h0b/9668702371870.jpg,https://www.metro.ca/en/online-grocery/search-page-128
LE MIEL D'ÉMILIE,Liquid Clover White Honey,500 g,"$7.99
 ea.",,$1.60 /100g,"Regular price
$8.99  ea.","Valid until Feb 7, 2024",https://product-images.metro.ca/images/h1e/hdf/9527231709214.jpg,https://www.metro.ca/en/online-grocery/search-page-128
STARBUCKS,"Vanilla Flavoured Iced Coffee Beverage, Frappuccino",405 mL,"$3.99
 ea.",,$0.99 /100ml,,,,https://www.metro.ca/en/online-grocery/search-page-128
BOLTHOUSE FARMS,"Mango Flavoured Smoothie, Amazing Mango",946 mL,"$6.99
 ea.",,$0.74 /100ml,,,,https://www.metro.ca/en/online-grocery/search-page-128
NESTLÉ,"Marshmallow Hot Chocolate Mix In Packets, Carnation",10x25 g,"$4.49
 ea.",,$1.80 /100g,"Regular price
$4.99  ea.","Valid until Feb 7, 2024",,https://www.metro.ca/en/online-grocery/search-page-128
TWININGS,Lemon And Ginger Herbal Tea Bags,20 un,"$5.79
 ea.",,$0.29 /un.,,,https://product-images.metro.ca/images/h7d/hbd/11665324834846.jpg,https://www.metro.ca/en/online-grocery/search-page-128
METROGO!,Chinese Macaroni,,"$5.04
 avg. ea.",(230 g avg.),$21.90 /kg$9.93 /lb.,,,https://product-images.metro.ca/images/h04/h65/11926651633694.jpg,https://www.metro.ca/en/online-grocery/search-page-128
GLACÉAU VITAMINWATER,"Lemonade Flavoured Nutrient Enhanced Water Beverage,...",591 mL,"3 / 
$6.00",,$0.34 /100ml,"Regular price
$3.29  ea.","Valid until Feb 7, 2024",,https://www.metro.ca/en/online-grocery/search-page-128
FANCY FEAST,Whitefish And Tuna Cat Food Pâté,85 g,"$1.49
 ea.",,$1.75 /100g,,,https://product-images.metro.ca/images/h3d/hf0/11511494967326.jpg,https://www.metro.ca/en/online-grocery/search-page-128
COMMENSAL,Broccoli Soup,600 mL,"$7.79
 ea.",,$1.30 /100ml,,,https://product-images.metro.ca/images/h7c/hef/10062177861662.jpg,https://www.metro.ca/en/online-grocery/search-page-128
IRRESISTIBLES,Frozen Asian Style Chicken Bites,500 g,"$8.99
 ea.",,$1.80 /100g,,,https://product-images.metro.ca/images/he3/hf6/10269085663262.jpg,https://www.metro.ca/en/online-grocery/search-page-128
HABITANT,Strawberry Jam With Pectin,500 mL,"$4.99
 ea.",,$1.00 /100ml,,,https://product-images.metro.ca/images/h17/h89/10486516842526.jpg,https://www.metro.ca/en/online-grocery/search-page-128
METROGO!,Garden Salad With Cheddar Cheese,,"$9.99
 ea.",,$1.43 /100g,,,https://product-images.metro.ca/images/h37/h63/11930964885534.jpg,https://www.metro.ca/en/online-grocery/search-page-128
ROYAL NUTS,Unsalted Dry Roasted Shelled Sunflower Seeds,250 g,"$5.99
 ea.",,$2.40 /100g,,,https://product-images.metro.ca/images/hbb/he5/11849314566174.jpg,https://www.metro.ca/en/online-grocery/search-page-128
LIBERTÉ,"9% Lemon Flavoured Yogurt, Méditerranée",500 g,"$5.79
 ea.",,$1.16 /100g,,,,https://www.metro.ca/en/online-grocery/search-page-128
ADAMS,Creamy Peanut Butter,500 g,"$6.49
 ea.",,$1.30 /100g,,,https://product-images.metro.ca/images/he3/h19/10518865248286.jpg,https://www.metro.ca/en/online-grocery/search-page-128
WALLAROO TRAIL,"Australian White Wine, BIN 313",4 L,"$48.49
 ea.",,$1.21 /100ml,,,,https://www.metro.ca/en/online-grocery/search-page-128
SELECTION,Blueberry Waffles,280 g,"$2.49
 ea.",,$0.89 /100g,,,https://product-images.metro.ca/images/h72/hbd/10822660194334.jpg,https://www.metro.ca/en/online-grocery/search-page-129
PREMIÈRE MOISSON,Chocolate Viennese Loaf,325 g,"$5.99
 ea.",,$1.84 /100g,,,https://product-images.metro.ca/images/hcf/he6/10437647532062.jpg,https://www.metro.ca/en/online-grocery/search-page-129
BAILEYS,The Original Irish Cream Non-Alcoholic Coffee Creamer,400 mL,"$4.29
 ea.",,$1.07 /100ml,,,https://product-images.metro.ca/images/hbf/hfb/9514760011806.jpg,https://www.metro.ca/en/online-grocery/search-page-129
MILK 2 GO,"Chocolate Milk Protein Shake, Sport",325 mL,"$2.49
 ea.",,$0.77 /100ml,,,,https://www.metro.ca/en/online-grocery/search-page-129
CREAM OF WHEAT,Hot Cereal,800 g,"$4.79
 ea.",,$0.60 /100g,,,https://product-images.metro.ca/images/h5d/h2a/11627058888734.jpg,https://www.metro.ca/en/online-grocery/search-page-129
KRAFT,"Tapioca, Minit",225 g,"$4.49
 ea.",,$2.00 /100g,,,,https://www.metro.ca/en/online-grocery/search-page-129
GREYSTONE PARK,Australian White Wine,750 mL,"$12.99
 ea.",,$1.73 /100ml,,,https://product-images.metro.ca/images/h7b/hc5/10529508130846.jpg,https://www.metro.ca/en/online-grocery/search-page-129
TWININGS,Pure Camomile Herbal Tea Bags,20 un,"$5.79
 ea.",,$0.29 /un.,,,https://product-images.metro.ca/images/hfe/h4e/11665331716126.jpg,https://www.metro.ca/en/online-grocery/search-page-129
RIVIERA,Lactose Free Parmesan Cheese,200 g,"$8.29
 ea.",,$4.15 /100g,"Regular price
$10.49  ea.","Valid until Jan 17, 2024",https://product-images.metro.ca/images/h19/hf2/9684976140318.jpg,https://www.metro.ca/en/online-grocery/search-page-129
ROBIN HOOD,All Purpose Whole Wheat Flour,2.5 kg,"$6.49
 ea.",,$0.26 /100g,"Regular price
$7.49  ea.","Valid until Feb 7, 2024",https://product-images.metro.ca/images/hd7/hd8/10475460427806.jpg,https://www.metro.ca/en/online-grocery/search-page-129
CLOVER LEAF,Flaked Light Tuna,6x170 g,"$13.99
 ea.",,$1.37 /100g,,,https://product-images.metro.ca/images/h1c/h01/11333020352542.jpg,https://www.metro.ca/en/online-grocery/search-page-129
METROGO!,Light Vanilla Yogurt With Berries And Granola,325 g,"$5.49
 ea.",,$1.69 /100g,,,https://product-images.metro.ca/images/h95/h44/9014668165150.jpg,https://www.metro.ca/en/online-grocery/search-page-129
FRENCH'S,Onions Crunchy Toppers,170 g,"$6.29
 ea.",,$3.70 /100g,,,https://product-images.metro.ca/images/h44/h7b/9519517401118.jpg,https://www.metro.ca/en/online-grocery/search-page-129
LA FOURNÉE DORÉE,Brioche Burger Buns,4 un - 200 g,"$5.49
 ea.",,$2.75 /100g,,,https://product-images.metro.ca/images/h10/h32/11754153115678.jpg,https://www.metro.ca/en/online-grocery/search-page-129
MAISON ORPHÉE,"Extra Virgin Olive Oil, Delicate",500 mL,"$13.49
 ea.",,$2.70 /100ml,"Regular price
$14.99  ea.","Valid until Feb 7, 2024",,https://www.metro.ca/en/online-grocery/search-page-129
RIVIERA,3.25% Set-Style Strawberry Yogurt,750 g,"$5.29
 ea.",,$0.71 /100g,,,https://product-images.metro.ca/images/h1d/hd0/11570834571294.jpg,https://www.metro.ca/en/online-grocery/search-page-129
SELECTION,Creamy Havarti Cheese,400 g,"$3.97
 ea.",,$0.99 /100g,"Regular price
$6.49  ea.","Valid until Jan 10, 2024",https://product-images.metro.ca/images/h08/h0e/9519826796574.jpg,https://www.metro.ca/en/online-grocery/search-page-129
PREMIÈRE MOISSON,Organic Integral Sourdough Bread,625 g,"$7.99
 ea.",,$1.28 /100g,,,https://product-images.metro.ca/images/h6c/h78/10393697976350.jpg,https://www.metro.ca/en/online-grocery/search-page-129
DAINTY,"Jasmine Rice, World Classics",900 g,"$7.49
 ea.",,$0.83 /100g,,,,https://www.metro.ca/en/online-grocery/search-page-129
S.O.S.,Soap-Filled Steel Wool Pads,18 un,"$4.69
 ea.",,$0.26 /un.,,,https://product-images.metro.ca/images/hd6/h8e/11665302716446.jpg,https://www.metro.ca/en/online-grocery/search-page-129
SELECTION,Semi-Sweet Baking Chocolate,225 g,"$4.99
 ea.",,$2.22 /100g,,,https://product-images.metro.ca/images/hde/h3f/10040040914974.jpg,https://www.metro.ca/en/online-grocery/search-page-129
AUFKELLEREIEN,German White Wine,750 mL,"$15.99
 ea.",,$2.13 /100ml,,,https://product-images.metro.ca/images/he2/h5e/10529512980510.jpg,https://www.metro.ca/en/online-grocery/search-page-129
GENERAL MILLS,"Peanut Butter And Chocolatey Cereal, Reese'S Puffs",326 g,"2 / 
$8.00",,or $5.99 ea. $1.23 /100g,,"Valid until Feb 7, 2024",,https://www.metro.ca/en/online-grocery/search-page-129
KNORR,Creamy Garlic Pasta Sauce Mix,1 un,"$2.49
 ea.",,$2.49 /un.,,,https://product-images.metro.ca/images/hbd/h40/11728534732830.jpg,https://www.metro.ca/en/online-grocery/search-page-129
PRIMO,Vermicelli,900 g,"$2.99
 ea.",,$0.33 /100g,"Regular price
$3.79  ea.","Valid until Jan 24, 2024",https://product-images.metro.ca/images/h78/h36/9518930460702.jpg,https://www.metro.ca/en/online-grocery/search-page-129
JELL-O,Strawberry Cheesecake Snacks,4x 99 g,"2 / 
$8.00",,$1.01 /100g,"Regular price
$4.79  ea.","Valid until Feb 14, 2024",https://product-images.metro.ca/images/h6d/hd2/9986820112414.jpg,https://www.metro.ca/en/online-grocery/search-page-129
SNUGGLE,Cuddle-Up Fresh Liquid Fabric Softener,60 loads-1.47 L,"$7.79
 ea.",,$0.13 /load,,,https://product-images.metro.ca/images/hbe/h69/9529622659102.jpg,https://www.metro.ca/en/online-grocery/search-page-129
SELECTION,Fruit Salad With Cherries In Light Syrup Snacks,4x107 mL,"$2.49
 ea.",,$0.58 /100ml,"Regular price
$3.29  ea.","Valid until Feb 7, 2024",https://product-images.metro.ca/images/hea/h5e/9992257765406.jpg,https://www.metro.ca/en/online-grocery/search-page-129
SWIFFER,"Unscented Disposable Feather Duster Refills, Dusters",10 un,"$13.99
 ea.",,$1.40 /un.,,,,https://www.metro.ca/en/online-grocery/search-page-129
WAFU,Original Sesame Japanese Dressing,290 mL,"$6.49
 ea.",,$2.24 /100ml,"Regular price
$6.99  ea.","Valid until Jan 17, 2024",https://product-images.metro.ca/images/h91/h76/9533033709598.jpg,https://www.metro.ca/en/online-grocery/search-page-129
WONG WING,Frozen Chicken Chow Mein,"2 servings, 400 g","$8.99
 ea.",,$2.25 /100g,,,https://product-images.metro.ca/images/hb2/h3e/11374755315742.jpg,https://www.metro.ca/en/online-grocery/search-page-130
SELECTION,Frozen BBQ Chicken Wings,650 g,"$12.99
 ea.",,$2.00 /100g,,,https://product-images.metro.ca/images/h9b/h06/11133609902110.jpg,https://www.metro.ca/en/online-grocery/search-page-130
LA CROIX,Peach And Pear Flavoured Sparkling Water,8x355 mL,"$6.29
 ea.",,$0.22 /100ml,,,https://product-images.metro.ca/images/h1d/hcc/9999351054366.jpg,https://www.metro.ca/en/online-grocery/search-page-130
WONG WING,Frozen Pineapple Chicken,"2 servings, 400 g","$8.99
 ea.",,$2.25 /100g,,,https://product-images.metro.ca/images/h65/hd1/11374755119134.jpg,https://www.metro.ca/en/online-grocery/search-page-130
SMUCKER'S,"Strawberry Jelly, Pure",250 mL,"$4.99
 ea.",,$2.00 /100ml,,,,https://www.metro.ca/en/online-grocery/search-page-130
SELECTION,"Soft Drink, Cream Soda",2 L,"$2.29
 ea.",,$0.11 /100ml,,,,https://www.metro.ca/en/online-grocery/search-page-130
DE CECCO,Spaghettini Pasta,454 g,"$2.99
 ea.",,$0.66 /100g,"Regular price
$3.79  ea.","Valid until Jan 24, 2024",https://product-images.metro.ca/images/h22/h6f/11351692640286.jpg,https://www.metro.ca/en/online-grocery/search-page-130
KIJU,Organic Apple Juice,4x200 mL,"$4.29
 ea.",,$0.54 /100ml,,,https://product-images.metro.ca/images/h6b/hdf/10521694240798.jpg,https://www.metro.ca/en/online-grocery/search-page-130
LA CROIX,Cran-Raspberry Flavoured Sparkling Water,8x355 mL,"$6.29
 ea.",,$0.22 /100ml,,,https://product-images.metro.ca/images/h25/hd2/9999352889374.jpg,https://www.metro.ca/en/online-grocery/search-page-130
CAMPBELL'S,"Roasted Potato And Spring Leek Soup, Everyday Gourmet",500 mL,"$3.49
 ea.",,$0.70 /100ml,"Regular price
$4.29  ea.","Valid until Jan 24, 2024",,https://www.metro.ca/en/online-grocery/search-page-130
BICK'S,50% Less Salt Garlic Dill Pickles,1 L,"$5.99
 ea.",,$0.60 /100ml,,,https://product-images.metro.ca/images/hde/hce/10183833485342.jpg,https://www.metro.ca/en/online-grocery/search-page-130
NESCAFÉ,Hazelnut Instant Coffee,100 g,"$8.49
 ea.",,$8.49 /100g,,,https://product-images.metro.ca/images/hf7/h6b/11477844361246.jpg,https://www.metro.ca/en/online-grocery/search-page-130
IRRESISTIBLES,Fresh Pressed Apple Juice,1.65 L,"$4.99
 ea.",,$0.30 /100ml,,,https://product-images.metro.ca/images/h22/h92/9519494397982.jpg,https://www.metro.ca/en/online-grocery/search-page-130
SMARTFOOD,"White Cheddar Popcorn, Simply",156 g,"$5.29
 ea.",,$3.39 /100g,,,,https://www.metro.ca/en/online-grocery/search-page-130
LACTANTIA,0% Fat Free Creamer,1 L,"$4.99
 ea.",,$0.50 /100ml,"Regular price
$5.89  ea.","Valid until Feb 14, 2024",https://product-images.metro.ca/images/he1/h92/11354250215454.jpg,https://www.metro.ca/en/online-grocery/search-page-130
DUBRETON,Sliced Organic Cooked Ham,125 g,"$7.99
 ea.",,$6.39 /100g,,,https://product-images.metro.ca/images/hed/h21/9633823948830.jpg,https://www.metro.ca/en/online-grocery/search-page-130
METROGO!,Grapes And Cheese,Small,"$9.99
 ea.",,$2.85 /100g,,,https://product-images.metro.ca/images/h08/hc6/8893650272286.jpg,https://www.metro.ca/en/online-grocery/search-page-130
FLEISCHMANN'S,Pizza Crust Yeast,3x8 g,"$2.79
 ea.",,$11.63 /100g,,,https://product-images.metro.ca/images/hdb/h29/9711249948702.jpg,https://www.metro.ca/en/online-grocery/search-page-130
GLAD,Fresh Clean Scented Small White Garbage Bags,48 un,"$6.99
 ea.",,$0.15 /un.,"Regular price
$7.99  ea.","Valid until Feb 7, 2024",https://product-images.metro.ca/images/h36/h71/11816782069790.jpg,https://www.metro.ca/en/online-grocery/search-page-130
MEOW MIX,"Chicken, Salmon,Turkey And Ocean Fish Flavoured Cat ...",2 kg,"$8.99
 ea.",,$0.45 /100g,"Regular price
$10.29  ea.","Valid until Jan 24, 2024",,https://www.metro.ca/en/online-grocery/search-page-130
KRAFT,Bacon Ranch Dressing,475 mL,"$4.49
 ea.",,$0.95 /100ml,,,https://product-images.metro.ca/images/hfb/hc0/9987115319326.jpg,https://www.metro.ca/en/online-grocery/search-page-130
SELECTION,Plastic Cups,50 un,"$6.99
 ea.",,$0.14 /un.,,,https://product-images.metro.ca/images/h16/hed/9098443522078.jpg,https://www.metro.ca/en/online-grocery/search-page-130
METROGO!,Beef Skewers,8 souvlaki per tray,"$20.05
 avg. ea.",(650 g avg.),$30.84 /kg$13.99 /lb.,,,https://product-images.metro.ca/images/h7c/h64/9231697805342.jpg,https://www.metro.ca/en/online-grocery/search-page-130
,Chicken Brochette Cubes,8 cubes per tray,"$8.79
 avg. ea.",(380 g avg.),$23.13 /kg$10.49 /lb.,"Regular price
$24.23  avg. kg","Valid until Jan 10, 2024",https://product-images.metro.ca/images/h8f/h4b/8886433316894.jpg,https://www.metro.ca/en/online-grocery/search-page-130
LELARGE,Marinated Artichoke Hearts,340 mL,"$4.49
 ea.",,$1.32 /100ml,"Regular price
$4.99  ea.","Valid until Jan 24, 2024",https://product-images.metro.ca/images/h8d/h7b/9550922645534.jpg,https://www.metro.ca/en/online-grocery/search-page-130
CAMPBELL'S,"Thai Tomato Coconut Soup, Everyday Gourmet",500 mL,"$3.49
 ea.",,$0.70 /100ml,"Regular price
$4.29  ea.","Valid until Jan 24, 2024",,https://www.metro.ca/en/online-grocery/search-page-130
AMORETTI,Italian Red Wine,1 L,"$14.29
 ea.",,$1.43 /100ml,,,https://product-images.metro.ca/images/h2a/h68/10529486831646.jpg,https://www.metro.ca/en/online-grocery/search-page-130
JANES,Frozen Tavern Battered Cod Fillets,"5-7 fillets, 615 g","$22.99
 ea.",,$3.74 /100g,,,https://product-images.metro.ca/images/hfd/hf9/10201517686814.jpg,https://www.metro.ca/en/online-grocery/search-page-130
SILK,Unsweetened Plain Dairy-Free Coconut Based Yogurt Style,680g,"$5.49
 ea.",,$0.81 /100g,"Regular price
$6.79  ea.","Valid until Feb 14, 2024",https://product-images.metro.ca/images/h2a/hea/10491757625374.jpg,https://www.metro.ca/en/online-grocery/search-page-130
NUTRI,Large Organic Brown Eggs,12 un,"$8.49
 ea.",,$0.71 /un.,,,https://product-images.metro.ca/images/h77/h12/11714269872158.jpg,https://www.metro.ca/en/online-grocery/search-page-130
MAPLE LEAF,Original Natural Smoked Ham,600 g,"$16.99
 ea.",,$2.83 /100g,,,https://product-images.metro.ca/images/hea/h4f/11754154852382.jpg,https://www.metro.ca/en/online-grocery/search-page-131
MRS.CUBBISON'S,Restaurant Style Caesar Salad Croûtons,142 g,"$3.49
 ea.",,$2.46 /100g,"Regular price
$3.99  ea.","Valid until Jan 24, 2024",https://product-images.metro.ca/images/h59/h81/9530024755230.jpg,https://www.metro.ca/en/online-grocery/search-page-131
SWIFFER,"Unscented Dry Sweeping Cloth Refills, Sweeper",32 un,"$13.99
 ea.",,$0.44 /un.,,,,https://www.metro.ca/en/online-grocery/search-page-131
MIKES,Homestyle Spicy Bolognese Meat Sauce,700 mL,"$6.79
 ea.",,$0.97 /100ml,,,https://product-images.metro.ca/images/h1c/h9b/10529536704542.jpg,https://www.metro.ca/en/online-grocery/search-page-131
LINDT,"Roasted Hazelnut Dark Chocolate Bar, Excellence",100 g,"$5.29
 ea.",,$5.29 /100g,,"Valid until Jan 10, 2024",,https://www.metro.ca/en/online-grocery/search-page-131
SELECTION,Balsamic Vinegar Of Modena,500 mL,"$3.29
 ea.",,$0.66 /100ml,"Regular price
$4.29  ea.","Valid until Feb 7, 2024",https://product-images.metro.ca/images/hfc/h3f/8853150924830.jpg,https://www.metro.ca/en/online-grocery/search-page-131
SELECTION,Plastic Wrap - 30m,30 m,"$1.79
 ea.",,$5.97 /100m,"Regular price
$2.19  ea.","Valid until Feb 7, 2024",https://product-images.metro.ca/images/h14/hd1/8809813901342.jpg,https://www.metro.ca/en/online-grocery/search-page-131
NABOB,"Latte Coffee T Discs, Tassimo",8 un,"$10.49
 ea.",,$1.31 /un.,,,,https://www.metro.ca/en/online-grocery/search-page-131
SELECTION,Traditional Coleslaw,800 g,"$5.99
 ea.",,$0.75 /100g,,,https://product-images.metro.ca/images/h82/hd7/11521070366750.jpg,https://www.metro.ca/en/online-grocery/search-page-131
SMARTFOOD,"Sea Salt Seasoned Popcorn, Simply",156 g,"$5.29
 ea.",,$3.39 /100g,,,,https://www.metro.ca/en/online-grocery/search-page-131
BLUE DRAGON,Fish Sauce,150 mL,"$2.99
 ea.",,$1.99 /100ml,"Regular price
$3.49  ea.","Valid until Jan 24, 2024",https://product-images.metro.ca/images/hd4/hc4/9753134530590.jpg,https://www.metro.ca/en/online-grocery/search-page-131
SELECTION,Rosemary Leaves,50 g,"$1.99
 ea.",,$3.98 /100g,,,https://product-images.metro.ca/images/hdd/h4e/9020169551902.jpg,https://www.metro.ca/en/online-grocery/search-page-131
JELL-O,Vanilla Instant Pudding,153 g,"$1.99
 ea.",,$1.30 /100g,,,https://product-images.metro.ca/images/hed/h2f/9670292373534.jpg,https://www.metro.ca/en/online-grocery/search-page-131
LELARGE,Very Large Snails,125 g,"$4.49
 ea.",,$3.59 /100g,"Regular price
$4.99  ea.","Valid until Jan 24, 2024",https://product-images.metro.ca/images/hdd/h27/9633833386014.jpg,https://www.metro.ca/en/online-grocery/search-page-131
DEL MONTE,Peach Slices In Light Syrup,796 mL,"$5.99
 ea.",,$0.75 /100ml,,,https://product-images.metro.ca/images/h7b/hf6/11068780445726.jpg,https://www.metro.ca/en/online-grocery/search-page-131
PLANTERS,"Trail Mix Snack, Nuts And Dried Fruits",350 g,"$4.99
 ea.",,$1.43 /100g,,,https://product-images.metro.ca/images/had/h9b/12354370109470.jpg,https://www.metro.ca/en/online-grocery/search-page-131
CAMPBELL'S,Chicken Broth Soup,284 mL,"$2.29
 ea.",,$0.81 /100ml,"Regular price
$2.99  ea.","Valid until Jan 24, 2024",https://product-images.metro.ca/images/h85/hf3/12191754321950.jpg,https://www.metro.ca/en/online-grocery/search-page-131
MAXWELL HOUSE,Mellow Roast Instant Coffee,150 g,"$5.99
 ea.",,$3.99 /100g,,,https://product-images.metro.ca/images/hcc/h3e/9987168337950.jpg,https://www.metro.ca/en/online-grocery/search-page-131
SWANSON,Turkey,338 g,"$4.99
 ea.",,$1.48 /100g,"Regular price
$5.49  ea.","Valid until Feb 14, 2024",https://product-images.metro.ca/images/h5d/h1a/11829771665438.jpg,https://www.metro.ca/en/online-grocery/search-page-131
KÄSEREI CHAMPIGNON,Cambozola Soft Surface Ripened Blue Veined Cheese,1 piece,"$10.35
 avg. ea.",(170 g avg.),$60.90 /kg$27.62 /lb.,,,https://product-images.metro.ca/images/h28/hde/9014428794910.jpg,https://www.metro.ca/en/online-grocery/search-page-131
DAINTY,Beef Flavoured Cooked Rice,350 g,"$2.99
 ea.",,$0.85 /100g,,,https://product-images.metro.ca/images/hee/ha1/10715254718494.jpg,https://www.metro.ca/en/online-grocery/search-page-131
SIMPLY,Orange Juice Without Pulp,340 mL,"$2.49
 ea.",,$0.73 /100ml,,,https://product-images.metro.ca/images/h49/h08/10495688966174.jpg,https://www.metro.ca/en/online-grocery/search-page-131
BUDWEISER,Blonde Lager Beer,12x341 mL - bottles,"$21.99
 ea.",,$0.54 /100ml,,,https://product-images.metro.ca/images/h4f/h44/10123709972510.jpg,https://www.metro.ca/en/online-grocery/search-page-131
WINGS,Fried Noodles,225 g,"$2.99
 ea.",,$2.99 /un.,,,https://product-images.metro.ca/images/h3a/hc9/11477872902174.jpg,https://www.metro.ca/en/online-grocery/search-page-131
WEIGHT WATCHERS,White Sliced Bread,450 g,"$6.09
 ea.",,$1.35 /100g,,,https://product-images.metro.ca/images/h62/h3f/11829806989342.jpg,https://www.metro.ca/en/online-grocery/search-page-131
FRISKIES,"Turkey And Giblets Wet Cat Food, Pâté",156 g,"$1.49
 ea.",,$0.96 /100g,,,,https://www.metro.ca/en/online-grocery/search-page-131
PREMIÈRE MOISSON,Cooked Turkey Breast,,"$4.99
 / 100 g",,$49.90 /kg$22.63 /lb.,,,https://product-images.metro.ca/images/h80/h5b/10009401950238.jpg,https://www.metro.ca/en/online-grocery/search-page-131
S SENSE,Night Of Dreams Herbal Tea Bags,10 un,"$2.29
 ea.",,$0.23 /un.,"Regular price
$2.79  ea.","Valid until Feb 7, 2024",https://product-images.metro.ca/images/hdd/hb1/12263413940254.jpg,https://www.metro.ca/en/online-grocery/search-page-131
,6" Tomato And Basil Submarine Rolls,6x70 g,"$4.99
 ea.",,$1.19 /100g,,,,https://www.metro.ca/en/online-grocery/search-page-131
IRRESISTIBLES,Cranberry And Brie Phyllo Pastries,255 g,"$12.99
 ea.",,$5.09 /100g,,,https://product-images.metro.ca/images/hf8/h00/10269080256542.jpg,https://www.metro.ca/en/online-grocery/search-page-131
SELECTION,Large Garbage Bags,30 un,"$4.99
 ea.",,$0.17 /un.,,,https://product-images.metro.ca/images/h0a/h70/8809564995614.jpg,https://www.metro.ca/en/online-grocery/search-page-132
KEEN'S,Powdered Mustard,88 g,"$4.99
 ea.",,$5.67 /100g,,,https://product-images.metro.ca/images/h72/h62/10421702787102.jpg,https://www.metro.ca/en/online-grocery/search-page-132
CLOVER LEAF,Low Sodium Wild Red Pacific Sockeye Salmon,213 g,"$7.99
 ea.",,$3.75 /100g,,,https://product-images.metro.ca/images/h7b/h4c/11401303326750.jpg,https://www.metro.ca/en/online-grocery/search-page-132
RISE KOMBUCHA,Organic Blueberry And Maple Sparkling Fermented Beve...,414 mL,"$3.69
 ea.",,$0.89 /100ml,"Regular price
$4.29  ea.","Valid until Feb 14, 2024",,https://www.metro.ca/en/online-grocery/search-page-132
ARTE NOVA,Spanish White Wine,1 L,"$12.99
 ea.",,$1.30 /100ml,,,https://product-images.metro.ca/images/hb4/h34/10498086371358.jpg,https://www.metro.ca/en/online-grocery/search-page-132
BRISK,Half & Half Iced Tea And Lemonade,710 mL,"$1.29
 ea.",,$0.18 /100ml,,,https://product-images.metro.ca/images/h2b/hfa/10139426324510.jpg,https://www.metro.ca/en/online-grocery/search-page-132
OIKOS,0% Lactose-Free Plain Greek Yogurt,750 g,"$7.99
 ea.",,$1.07 /100g,,,https://product-images.metro.ca/images/h71/hf3/11590674251806.jpg,https://www.metro.ca/en/online-grocery/search-page-132
OLIVIERI,Skillet Gnocchi,300 g,"$5.99
 ea.",,$2.00 /100g,,,https://product-images.metro.ca/images/h6a/hdb/10486557376542.jpg,https://www.metro.ca/en/online-grocery/search-page-132
KRAFT,"Dessert Topping Mix, Dream Whip",42.5 g,"$3.49
 ea.",,$4.11 /100g,,,,https://www.metro.ca/en/online-grocery/search-page-132
SELECTION,Ocean Breeze Scented Liquid Laundry Detergent,40 loads-1.8 L,"$4.49
 ea.",,$0.11 /load,"Regular price
$5.49  ea.","Valid until Feb 7, 2024",https://product-images.metro.ca/images/hf3/h91/11521001979934.jpg,https://www.metro.ca/en/online-grocery/search-page-132
PILLSBURY,Flaky Rolls Dough,340 g,"$3.99
 ea.",,$1.17 /100g,,,https://product-images.metro.ca/images/h72/h41/11401276653598.jpg,https://www.metro.ca/en/online-grocery/search-page-132
PREMIÈRE MOISSON,Smoked Turkey Breast,,"$4.99
 / 100 g",,$49.90 /kg$22.63 /lb.,,,https://product-images.metro.ca/images/h68/h4a/9961689481246.jpg,https://www.metro.ca/en/online-grocery/search-page-132
BICK'S,50% Less Salt Garlic Baby Dills Pickles,1 L,"$6.49
 ea.",,$0.65 /100ml,,,https://product-images.metro.ca/images/h54/hd4/10183847936030.jpg,https://www.metro.ca/en/online-grocery/search-page-132
M&M'S,Milk Chocolate Candies,200 g,"$5.49
 ea.",,$2.75 /100g,"Regular price
$7.29  ea.","Valid until Jan 24, 2024",https://product-images.metro.ca/images/h5c/h42/11449494110238.jpg,https://www.metro.ca/en/online-grocery/search-page-132
IRRESISTIBLES,Hot Capicollo,150 g,"$5.99
 ea.",,$3.99 /100g,,,https://product-images.metro.ca/images/h43/h1a/11094849486878.jpg,https://www.metro.ca/en/online-grocery/search-page-132
CLUB HOUSE,Premium Artificial Vanilla Extract,125 mL,"$5.99
 ea.",,$4.79 /100ml,"Regular price
$7.99  ea.","Valid until Feb 7, 2024",https://product-images.metro.ca/images/h70/hca/10918221250590.jpg,https://www.metro.ca/en/online-grocery/search-page-132
,Organic Celery Hearts,1 un,"$4.99
 ea.",,$4.99 /un.,,,https://product-images.metro.ca/images/h9f/hbd/8893485907998.jpg,https://www.metro.ca/en/online-grocery/search-page-132
PREMIÈRE MOISSON,Old-Fashioned Cretons,150 g,"$5.99
 ea.",,$3.99 /100g,,,https://product-images.metro.ca/images/hce/h78/10841495896094.jpg,https://www.metro.ca/en/online-grocery/search-page-132
SELECTION,Frozen Vegetable Egg Rolls,570 g,"$6.99
 ea.",,$1.23 /100g,,,https://product-images.metro.ca/images/he5/h06/10822669697054.jpg,https://www.metro.ca/en/online-grocery/search-page-132
RESOLVE,Laundry Stain Remover Spray,946 ml,"$6.79
 ea.",,$0.72 /100ml,,,https://product-images.metro.ca/images/hd2/h6e/9719468130334.jpg,https://www.metro.ca/en/online-grocery/search-page-132
OLD EL PASO,Soft Tortilla Bowls,8 un,"$3.49
 ea.",,$1.85 /100g,"Regular price
$4.99  ea.","Valid until Jan 24, 2024",https://product-images.metro.ca/images/h85/h10/12354364571678.jpg,https://www.metro.ca/en/online-grocery/search-page-132
SELECTION,Rich Dark Roast Instant Coffee,200 g,"$4.49
 ea.",,$2.25 /100g,"Regular price
$5.49  ea.","Valid until Feb 7, 2024",https://product-images.metro.ca/images/h12/h31/8946299895838.jpg,https://www.metro.ca/en/online-grocery/search-page-132
KRAFT,"Whipped Topping In Aerosol, Cool Whip",225 g,"$5.29
 ea.",,$2.35 /100g,,,,https://www.metro.ca/en/online-grocery/search-page-132
FONTAINE SANTÉ,Spinach Dip,420 g,"$6.99
 ea.",,$1.66 /100g,"Regular price
$7.99  ea.","Valid until Jan 10, 2024",https://product-images.metro.ca/images/h90/hac/11133614456862.jpg,https://www.metro.ca/en/online-grocery/search-page-132
BOUNCE,Free & Gentle™ Fabric Softener Sheets,80 sheets,"$6.99
 ea.",,$0.09 /load,,,https://product-images.metro.ca/images/h35/h91/10433072103454.jpg,https://www.metro.ca/en/online-grocery/search-page-132
PLAISIRS GASTRONOMIQUES,Spinach Quiche,550 g,"$9.99
 ea.",,$1.82 /100g,,,https://product-images.metro.ca/images/h42/ha4/9529747800094.jpg,https://www.metro.ca/en/online-grocery/search-page-132
FRISKIES,"Seafood Wet Cat Food, Pâté",156 g,"$1.49
 ea.",,$0.96 /100g,,,,https://www.metro.ca/en/online-grocery/search-page-132
FLEISCHMANN'S,Double Acting Baking Powder,340 g,"$4.99
 ea.",,$1.47 /100g,,,https://product-images.metro.ca/images/h82/h27/11188443086878.jpg,https://www.metro.ca/en/online-grocery/search-page-132
ALEXIS DE PORTNEUF,Camembert De Portneuf Cheese,300 g,"$11.99
 ea.",,$4.00 /100g,"Regular price
$12.49  ea.","Valid until Jan 17, 2024",https://product-images.metro.ca/images/h68/hb2/11157659779102.jpg,https://www.metro.ca/en/online-grocery/search-page-132
MADEGOOD,Chocolate Chip Crispy Squares,6x22 g,"$3.99
 ea.",,$3.02 /100g,"Regular price
$4.99  ea.","Valid until Feb 7, 2024",https://product-images.metro.ca/images/h62/h0e/11696052011038.jpg,https://www.metro.ca/en/online-grocery/search-page-132
PILLSBURY,"Wildberry Pastries With Icing, Toaster Strudel",326 g,"$2.99
 ea.",,$0.92 /100g,"Regular price
$4.49  ea.","Valid until Jan 10, 2024",,https://www.metro.ca/en/online-grocery/search-page-133
CELESTIAL SEASONINGS,Fruit Sampler Herbal Tea Bags,20 un,"$4.99
 ea.",,$12.17 /100un.,,,https://product-images.metro.ca/images/hc9/h7c/12210133008414.jpg,https://www.metro.ca/en/online-grocery/search-page-133
FRISKIES,"Whitefish And Tuna Cat Food, Pâté",156 g,"$1.49
 ea.",,$0.96 /100g,,,,https://www.metro.ca/en/online-grocery/search-page-133
SELECTION,Whipped Dressing,890 mL,"$4.99
 ea.",,$0.56 /100ml,"Regular price
$5.49  ea.","Valid until Jan 24, 2024",https://product-images.metro.ca/images/hb9/h8b/11521167654942.jpg,https://www.metro.ca/en/online-grocery/search-page-133
METROGO!,Greek-Style Shrimp Salad,,"$9.69
 avg. ea.",,$24.23 /kg$10.99 /lb.,,,https://product-images.metro.ca/images/h27/haa/8900506451998.jpg,https://www.metro.ca/en/online-grocery/search-page-133
RUFFLES,Onion Flavoured Dip,425 g,"$5.79
 ea.",,$1.36 /100g,,,https://product-images.metro.ca/images/hb1/h4f/11860658880542.jpg,https://www.metro.ca/en/online-grocery/search-page-133
SELECTION,Pretzel Twists,400 g,"$3.99
 ea.",,$1.00 /100g,,,https://product-images.metro.ca/images/h3e/h91/10695657226270.jpg,https://www.metro.ca/en/online-grocery/search-page-133
IVORY,Original Soap Bars,10x90 g,"$8.49
 ea.",,$0.94 /100g,,,https://product-images.metro.ca/images/h21/h27/11574046130206.jpg,https://www.metro.ca/en/online-grocery/search-page-133
OLAY,"Ultra Moisture Soap Bars With Shea Butter, Ultra Moi...",4x90 g,"$9.29
 ea.",,$2.58 /100g,,,,https://www.metro.ca/en/online-grocery/search-page-133
BEL GAUFRE,Vanilla Waffles,6 un,"$6.99
 ea.",,$1.75 /100g,,,https://product-images.metro.ca/images/h9f/hf8/10918235799582.jpg,https://www.metro.ca/en/online-grocery/search-page-133
MAGNUM,Mini Double Caramel Ice Cream Bars,4x55 mL,"$7.99
 ea.",,$3.63 /100ml,,,https://product-images.metro.ca/images/he9/h41/10727310884894.jpg,https://www.metro.ca/en/online-grocery/search-page-133
DOLE,Peaches In Strawberry Gel Cups,4x123 g,"$4.49
 ea.",,$0.91 /100g,,,https://product-images.metro.ca/images/h33/h50/9522432802846.jpg,https://www.metro.ca/en/online-grocery/search-page-133
LINDT,"Gold Surfin Dark Chocolate Bar, Swiss Classic",300 g,"$9.99
 ea.",,$3.33 /100g,,,,https://www.metro.ca/en/online-grocery/search-page-133
FONTAINE SANTÉ,Mini Hummus Single Servings,6x57 g,"$6.99
 ea.",,$2.04 /100g,,,https://product-images.metro.ca/images/h77/he7/9533232611358.jpg,https://www.metro.ca/en/online-grocery/search-page-133
KINDER SURPRISE,Milk Chocolate Eggs With Surprise Toy,3x20 g,"$5.29
 ea.",,$8.82 /100g,"Regular price
$5.99  ea.","Valid until Jan 24, 2024",https://product-images.metro.ca/images/ha4/hca/12191645204510.jpg,https://www.metro.ca/en/online-grocery/search-page-133
HERSHEY'S,Creamy Milk Chocolate Bar,45 g,"$1.69
 ea.",,$3.76 /100g,,,https://product-images.metro.ca/images/ha1/hd8/10188607979550.jpg,https://www.metro.ca/en/online-grocery/search-page-133
IRRESISTIBLES,"Parmesan Dried Sausage, Artisan",300 g,"2 / 
$19.99",,or $11.49 ea. $3.33 /100g,,"Valid until Jan 10, 2024",,https://www.metro.ca/en/online-grocery/search-page-133
DÉLICES D'AUTREFOIS,Homestyle Meat Sauce,700 mL,"$7.79
 ea.",,$1.11 /100ml,,,https://product-images.metro.ca/images/hbe/h97/9533286973470.jpg,https://www.metro.ca/en/online-grocery/search-page-133
CREST,"Mouthwash In Original Mint Flavour, Scope",1 L,"$7.99
 ea.",,$0.80 /100L,,,,https://www.metro.ca/en/online-grocery/search-page-133
SILK,Unsweetened Almond Plant-Based Beverage,946 mL,"$3.39
 ea.",,$0.36 /100ml,,,https://product-images.metro.ca/images/h8b/h14/10498103705630.jpg,https://www.metro.ca/en/online-grocery/search-page-133
MASTRO,Salametti Salami,300 g,"$10.99
 ea.",,$3.66 /100g,,,https://product-images.metro.ca/images/hbc/h23/9156528865310.jpg,https://www.metro.ca/en/online-grocery/search-page-133
GOOD THINS,Gluten Free Sesame Rice Crackers,100 g,"$4.99
 ea.",,$4.99 /100g,,,https://product-images.metro.ca/images/h6c/h7f/11829808758814.jpg,https://www.metro.ca/en/online-grocery/search-page-133
SELECTION,Ground Turmeric,75 g,"$1.99
 ea.",,$2.65 /100g,,,https://product-images.metro.ca/images/h8c/h26/9020177121310.jpg,https://www.metro.ca/en/online-grocery/search-page-133
KRONENBOURG 1664,"French White Beer With A Hint Of Citrus, Blanc",4x500 mL - cans,"2 / 
$23.98",,or $13.99 ea. $0.60 /100ml,"Regular price
$14.99  ea.","Valid until Feb 7, 2024",,https://www.metro.ca/en/online-grocery/search-page-133
SELECTION,Smoked Salmon Flavoured Cream Cheese Spread,227 g,"$3.49
 ea.",,$1.54 /100g,"Regular price
$3.99  ea.","Valid until Feb 14, 2024",https://product-images.metro.ca/images/h9e/h62/10904137433118.jpg,https://www.metro.ca/en/online-grocery/search-page-133
SELECTION,Extra Butter Flavoured Pop Corn,282 g,"$2.49
 ea.",,$0.88 /100g,"Regular price
$3.29  ea.","Valid until Jan 24, 2024",https://product-images.metro.ca/images/h41/h6a/8822679240734.jpg,https://www.metro.ca/en/online-grocery/search-page-133
SELECTION,Frozen Slow Cooker Vegetable Mix,750 g,"$3.49
 ea.",,$0.47 /100g,"Regular price
$4.49  ea.","Valid until Jan 10, 2024",https://product-images.metro.ca/images/h83/h8a/9836182634526.jpg,https://www.metro.ca/en/online-grocery/search-page-133
HALLS,"Regular Cough Drops, Mentho-Lyptus",9 drops,"$1.89
 ea.",,$1.89 /un.,,,,https://www.metro.ca/en/online-grocery/search-page-133
SELECTION,Glass Cleaning Spray,950 mL,"$2.19
 ea.",,$0.23 /100ml,,,https://product-images.metro.ca/images/h3a/h82/11520999948318.jpg,https://www.metro.ca/en/online-grocery/search-page-133
METROGO!,Melon And Berry Salad,Small,"$3.49
 ea.",,$0.93 /100g,,,https://product-images.metro.ca/images/hf1/hb3/8837053055006.jpg,https://www.metro.ca/en/online-grocery/search-page-133
BLUE DRAGON,Sesame Oil,150 mL,"$5.49
 ea.",,$3.66 /100ml,"Regular price
$6.49  ea.","Valid until Jan 24, 2024",https://product-images.metro.ca/images/h09/hf9/9753134333982.jpg,https://www.metro.ca/en/online-grocery/search-page-134
PEPSI,Diet Soft Drink,1 L,"$2.19
 ea.",,$0.22 /100ml,,,https://product-images.metro.ca/images/h3d/h33/12354336817182.jpg,https://www.metro.ca/en/online-grocery/search-page-134
CARLOS PEPITO,"Original Red Sangria Style Cider Cocktail, Bella San...",4 L,"$20.99
 ea.",,$0.52 /100ml,"Regular price
$24.99  ea.","Valid until Feb 7, 2024",,https://www.metro.ca/en/online-grocery/search-page-134
BUD LIGHT,Light Blonde Lager Beer,24x341 mL - bottles,"$36.99
 ea.",,$0.45 /100ml,,,https://product-images.metro.ca/images/h66/h7c/10123695620126.jpg,https://www.metro.ca/en/online-grocery/search-page-134
KRONENBOURG 1664,"Flavoured French White Beer, Blanc",6x330 mL - bottles,"$14.99
 ea.",,$0.76 /100ml,,,,https://www.metro.ca/en/online-grocery/search-page-134
HEINZ,Seafood Sauce,285 mL,"$2.99
 ea.",,$1.05 /100ml,"Regular price
$3.49  ea.","Valid until Jan 24, 2024",https://product-images.metro.ca/images/h70/hd7/9986900656158.jpg,https://www.metro.ca/en/online-grocery/search-page-134
FONTAINE SANTÉ,Roasted Red Pepper Hummus,454 g,"$6.99
 ea.",,$1.54 /100g,"Regular price
$7.49  ea.","Valid until Jan 10, 2024",https://product-images.metro.ca/images/h2a/h20/11133612556318.jpg,https://www.metro.ca/en/online-grocery/search-page-134
,Mini Seedless Watermelon,Sold individually,"$5.99
 ea.",,$5.99 /un.,,,https://product-images.metro.ca/images/hfe/he5/8874245292062.jpg,https://www.metro.ca/en/online-grocery/search-page-134
KRAFT,Smooth Peanut Butter,2 kg,"$14.99
 ea.",,$0.75 /100g,,,https://product-images.metro.ca/images/he1/h35/10778623475742.jpg,https://www.metro.ca/en/online-grocery/search-page-134
LACTANTIA,"1% Milk, PurFiltre",1.5 L,"$5.29
 ea.",,$0.35 /100ml,,,,https://www.metro.ca/en/online-grocery/search-page-134
À TABLE!,Vegetarian Beans,450 mL,"$4.49
 ea.",,$1.00 /100ml,"Regular price
$4.99  ea.","Valid until Jan 17, 2024",https://product-images.metro.ca/images/h5c/h78/11521072300062.jpg,https://www.metro.ca/en/online-grocery/search-page-134
TEMPTATIONS,"Beef Flavoured Cat Treats, Mega-Pack",180 g,"$3.79
 ea.",,$2.11 /100g,"Regular price
$4.79  ea.","Valid until Jan 24, 2024",,https://www.metro.ca/en/online-grocery/search-page-134
LINDT,"Assorted Chocolate Truffles, Lindor",150 g,"$7.79
 ea.",,$5.19 /100g,"Regular price
$8.99  ea.","Valid until Jan 24, 2024",,https://www.metro.ca/en/online-grocery/search-page-134
METROGO!,Sublime Berry Mix,Large,"$15.99
 ea.",,$2.67 /100g,,,https://product-images.metro.ca/images/h27/hd7/8837148606494.jpg,https://www.metro.ca/en/online-grocery/search-page-134
MINUTE RICE,Ready-To-Serve Vegetable Medley Rice,2x125 g,"2 / 
$5.50",,$1.10 /100g,"Regular price
$3.29  ea.","Valid until Jan 24, 2024",https://product-images.metro.ca/images/h91/hb1/10685957734430.jpg,https://www.metro.ca/en/online-grocery/search-page-134
OCEAN SPRAY,Cranberry Cocktail,950 mL,"$3.79
 ea.",,$0.40 /100ml,,,https://product-images.metro.ca/images/hc7/he2/11829769568286.jpg,https://www.metro.ca/en/online-grocery/search-page-134
MINUTE RICE,Ready-To-Serve Jasmine Rice,2x125 g,"2 / 
$5.50",,$1.10 /100g,"Regular price
$3.29  ea.","Valid until Jan 24, 2024",https://product-images.metro.ca/images/h0d/h0d/10686017962014.jpg,https://www.metro.ca/en/online-grocery/search-page-134
SELECTION,Condensed Chicken Noodle Soup,284 mL,"2 / 
$2.22",,$0.39 /100ml,"Regular price
$2.29  ea.","Valid until Jan 24, 2024",https://product-images.metro.ca/images/h91/heb/10134495690782.jpg,https://www.metro.ca/en/online-grocery/search-page-134
METROGO!,Tasty Cut Vegetable Platter,,"$6.99
 ea.",,$1.40 /100g,"Regular price
$9.99  ea.","Valid until Jan 10, 2024",https://product-images.metro.ca/images/h21/h9a/8837048991774.jpg,https://www.metro.ca/en/online-grocery/search-page-134
DELVERDE,Tagliatelle A Nido N°82,250 g,"2 / 
$5.00",,$1.00 /100g,"Regular price
$3.49  ea.","Valid until Jan 24, 2024",https://product-images.metro.ca/images/ha1/h12/9530206322718.jpg,https://www.metro.ca/en/online-grocery/search-page-134
SELECTION,Petit Beurre Cookies,300 g,"$2.99
 ea.",,$1.00 /100g,"Regular price
$3.99  ea.","Valid until Jan 24, 2024",https://product-images.metro.ca/images/h71/h08/9518667759646.jpg,https://www.metro.ca/en/online-grocery/search-page-134
HEINEKEN,"Non-Alcoholic Dutch Lager Beer, 0.0",6x330 mL - cans,"$13.49
 ea.",,$0.34 /100ml,"Regular price
$15.49  ea.","Valid until Feb 7, 2024",,https://www.metro.ca/en/online-grocery/search-page-134
FLEISCHMANN'S,"Instant Yeast, Quick-Rise",113 g,"$5.79
 ea.",,$5.12 /100g,,,,https://www.metro.ca/en/online-grocery/search-page-134
SELECTION,Sesame Oil,185 mL,"$4.29
 ea.",,$2.32 /100ml,,,https://product-images.metro.ca/images/h68/h70/10344217772062.jpg,https://www.metro.ca/en/online-grocery/search-page-134
VH,Butter Chicken Cooking Sauce,341 mL,"2 / 
$8.00",,$1.17 /100ml,"Regular price
$4.99  ea.","Valid until Jan 24, 2024",https://product-images.metro.ca/images/hdc/hcb/9519048949790.jpg,https://www.metro.ca/en/online-grocery/search-page-134
METROGO!,"Beef Skewers With Vegetables, Value Pack",4 kabobs per tray,"$20.82
 avg. ea.",(900 g avg.),$23.13 /kg$10.49 /lb.,"Regular price
$24.23  avg. kg","Valid until Jan 10, 2024",,https://www.metro.ca/en/online-grocery/search-page-134
SUN GLO,Scouring Sponges,3 units per package,"$1.99
 ea.",,$1.99 /un.,,,https://product-images.metro.ca/images/h9f/h9a/9218897444894.jpg,https://www.metro.ca/en/online-grocery/search-page-134
IRRESISTIBLES,Raisin And Rosemary Crackers,150 g,"3 / 
$11.97",,or $4.99 ea. $2.66 /100g,"Regular price
$5.99  ea.","Valid until Jan 24, 2024",https://product-images.metro.ca/images/h83/h98/9518354890782.jpg,https://www.metro.ca/en/online-grocery/search-page-134
FANTASTIK,Original All-Purpose Cleaning Spray,650 ml,"$6.49
 ea.",,$1.00 /100ml,,,https://product-images.metro.ca/images/h9e/h97/10286943633438.jpg,https://www.metro.ca/en/online-grocery/search-page-134
BUBLY,Lime Flavoured Sparkling Water,12x355 mL - cans,"2 / 
$11.48",,or $6.49 ea. $0.13 /100ml,,"Valid until Feb 7, 2024",https://product-images.metro.ca/images/hb5/h26/10135965040670.jpg,https://www.metro.ca/en/online-grocery/search-page-134
SENSODYNE,Fresh Mint Toothpaste For Sensitive Teeth,100 mL,"$5.99
 ea.",,$5.99 /100ml,,,https://product-images.metro.ca/images/hda/hbb/12196735254558.jpg,https://www.metro.ca/en/online-grocery/search-page-135
KRAFT,Sun-Dried Tomato & Oregano Dressing,475 mL,"$4.49
 ea.",,$0.95 /100ml,,,https://product-images.metro.ca/images/h8e/h60/12174883422238.jpg,https://www.metro.ca/en/online-grocery/search-page-135
BONNE MAMAN,Wild Blueberry Jam,250 mL,"$7.49
 ea.",,$3.00 /100ml,,,https://product-images.metro.ca/images/h60/hc8/9529925861406.jpg,https://www.metro.ca/en/online-grocery/search-page-135
SELECTION,Reduced Salt Chicken Noodle Soup Mix,4 un,"2 / 
$5.00",,$0.63 /un.,"Regular price
$3.49  ea.","Valid until Jan 10, 2024",https://product-images.metro.ca/images/h51/hdd/11205008031774.jpg,https://www.metro.ca/en/online-grocery/search-page-135
SKOTIDAKIS,2% Plain Greek Yogurt,908 g,"$5.99
 ea.",,$0.66 /100g,"Regular price
$8.49  ea.","Valid until Jan 10, 2024",https://product-images.metro.ca/images/h30/h22/11570833457182.jpg,https://www.metro.ca/en/online-grocery/search-page-135
DAINTY,Long And Wild Cooked Rice With Fine Herbs,350 g,"$2.99
 ea.",,$0.85 /100g,,,https://product-images.metro.ca/images/h52/h54/10715307966494.jpg,https://www.metro.ca/en/online-grocery/search-page-135
NUTS TO YOU NUT BUTTER,Smooth Almond Butter,250 g,"$8.49
 ea.",,$3.40 /100g,,,https://product-images.metro.ca/images/he7/h64/11401324101662.jpg,https://www.metro.ca/en/online-grocery/search-page-135
MAYNARDS,"Original Kid Shaped Sour Gummies, Sour Patch Kids",355 g,"$5.49
 ea.",,$1.55 /100g,,,,https://www.metro.ca/en/online-grocery/search-page-135
SELECTION,Cheese Sticks,285 g,"$3.99
 ea.",,$1.40 /100g,,,https://product-images.metro.ca/images/h14/h02/8821324283934.jpg,https://www.metro.ca/en/online-grocery/search-page-135
CHANTEPOM,Sparkling Apple Juice,750 mL,"$6.99
 ea.",,$0.93 /100ml,,,https://product-images.metro.ca/images/h0e/h7d/9910109569054.jpg,https://www.metro.ca/en/online-grocery/search-page-135
CATELLI,Whole Wheat Macaroni,375 g,"$3.99
 ea.",,$1.06 /100g,,,https://product-images.metro.ca/images/he2/h9c/11374817542174.jpg,https://www.metro.ca/en/online-grocery/search-page-135
ALLEN'S,Peach Cocktail,1 L,"$1.99
 ea.",,$0.20 /100ml,"Regular price
$2.29  ea.","Valid until Jan 17, 2024",https://product-images.metro.ca/images/h37/he5/10715388018718.jpg,https://www.metro.ca/en/online-grocery/search-page-135
WHEAT THINS,Sundried Tomato & Basil Wheat Crackers,200 g,"$3.49
 ea.",,$1.75 /100g,"Regular price
$4.19  ea.","Valid until Jan 24, 2024",https://product-images.metro.ca/images/h8e/h89/9526515990558.jpg,https://www.metro.ca/en/online-grocery/search-page-135
QUÉBON,1% Milk,2 L,"$5.29
 ea.",,$0.26 /100ml,,,https://product-images.metro.ca/images/h83/hbd/11401276588062.jpg,https://www.metro.ca/en/online-grocery/search-page-135
ST-HUBERT,Spreadable Chicken,375 g,"$9.99
 ea.",,$2.66 /100g,"Regular price
$10.49  ea.","Valid until Jan 17, 2024",https://product-images.metro.ca/images/hc4/h4d/11333001183262.jpg,https://www.metro.ca/en/online-grocery/search-page-135
PALMOLIVE,"Orange Citrus Scented Liquid Dish Soap, Ultra",591 mL,"$2.99
 ea.",,$0.51 /100ml,"Regular price
$3.99  ea.","Valid until Feb 7, 2024",,https://www.metro.ca/en/online-grocery/search-page-135
OLIVIERI,3 Cheese Rainbow Tortellini,350 g,"$6.99
 ea.",,$2.00 /100g,,,https://product-images.metro.ca/images/h88/h13/10685928407070.jpg,https://www.metro.ca/en/online-grocery/search-page-135
NABOB,"Café Crema T Discs, Tassimo",14 un,"$10.49
 ea.",,$0.75 /un.,,,,https://www.metro.ca/en/online-grocery/search-page-135
IRRESISTIBLES,"Medium Roast K-Cup Coffee Pods, Colombian Blend",12 un,"$6.99
 ea.",,$0.58 /un.,"Regular price
$7.99  ea.","Valid until Jan 10, 2024",,https://www.metro.ca/en/online-grocery/search-page-135
STEFANO'S,Italian Bakery Pizza,900 g,"$9.99
 ea.",,$1.11 /100g,,,https://product-images.metro.ca/images/h4a/h6c/10101029339166.jpg,https://www.metro.ca/en/online-grocery/search-page-135
GATORADE,"Orange Flavoured Sport Drink Beverage, G2 Performer",6x591 mL,"$5.99
 ea.",,$0.17 /100ml,"Regular price
$7.99  ea.","Valid until Jan 10, 2024",,https://www.metro.ca/en/online-grocery/search-page-135
FONTAINE SANTÉ,Fresh Basil Pesto,180 g,"$7.99
 ea.",,$4.44 /100g,,,https://product-images.metro.ca/images/h39/haa/9532851847198.jpg,https://www.metro.ca/en/online-grocery/search-page-135
SELECTION,Low-Fat Chicken Noodle Soup Mix,4 un,"2 / 
$5.00",,$0.63 /un.,"Regular price
$3.49  ea.","Valid until Jan 10, 2024",https://product-images.metro.ca/images/h56/hd5/11205012422686.jpg,https://www.metro.ca/en/online-grocery/search-page-135
,Medley Of Greenhouse Tomatoes,283 g,"$5.99
 ea.",,$2.12 /100g,,,https://product-images.metro.ca/images/h5e/hbc/9363138150430.jpg,https://www.metro.ca/en/online-grocery/search-page-135
SELECTION,Honey Flavoured Prepared Mustard,325 mL,"$3.29
 ea.",,$1.01 /100ml,,,https://product-images.metro.ca/images/h80/hcd/9445015519262.jpg,https://www.metro.ca/en/online-grocery/search-page-135
KELLOGG'S,"Honey And Almond Cereal Bars, Kashi","5 bars, 175 g","$5.29
 ea.",,$3.02 /100g,,,,https://www.metro.ca/en/online-grocery/search-page-135
MAGNUM,Almond Flavoured Ice Cream Bars,3x100 mL,"$7.99
 ea.",,$2.66 /100ml,,,https://product-images.metro.ca/images/h72/h1f/10727314817054.jpg,https://www.metro.ca/en/online-grocery/search-page-135
IRRESISTIBLES,"Frozen Garlic And Herb Jumbo Butterfly Shrimp, The F...",340 g,"$12.99
 ea.",,$3.82 /100g,,,,https://www.metro.ca/en/online-grocery/search-page-135
MAXWELL HOUSE,Dark Roast Instant Coffee,150 g,"$5.99
 ea.",,$3.99 /100g,,,https://product-images.metro.ca/images/h61/h2d/9730794881054.jpg,https://www.metro.ca/en/online-grocery/search-page-135
REDPATH,Sugar Cubes,500 g,"$3.49
 ea.",,$0.70 /100g,,,https://product-images.metro.ca/images/h04/h21/10518317072414.jpg,https://www.metro.ca/en/online-grocery/search-page-135
SELECTION,Alphabet Pasta,375 g,"$1.47
 ea.",,$0.39 /100g,"Regular price
$2.69  ea.","Valid until Jan 10, 2024",https://product-images.metro.ca/images/hc0/hdf/12191689441310.jpg,https://www.metro.ca/en/online-grocery/search-page-136
SWANSON,Fried Chicken With Mashed Potatoes And Corn,280 g,"$4.99
 ea.",,$1.78 /100g,"Regular price
$5.49  ea.","Valid until Feb 14, 2024",https://product-images.metro.ca/images/h50/h2d/11829769764894.jpg,https://www.metro.ca/en/online-grocery/search-page-136
SELECTION,Toupie Style Smoked Ham Center Slices,2 slices per tray,"$4.62
 avg. ea.",(300 g avg.),$15.41 /kg$6.99 /lb.,"Regular price
$16.51  avg. kg","Valid until Jan 17, 2024",https://product-images.metro.ca/images/hfb/h19/9233906401310.jpg,https://www.metro.ca/en/online-grocery/search-page-136
CASCADE,"Fresh Scented Dishwasher Detergent Pacs, Platinum Ac...",16 un,"$9.49
 ea.",,$0.59 /un.,,,,https://www.metro.ca/en/online-grocery/search-page-136
MERIT,Fruit Flan,550 g,"$10.99
 ea.",,$2.00 /100g,,,https://product-images.metro.ca/images/h6a/h44/10768873914398.jpg,https://www.metro.ca/en/online-grocery/search-page-136
FUDGEEO,Double Stuf Cookies,303 g,"$3.79
 ea.",,$1.25 /100g,"Regular price
$4.79  ea.","Valid until Jan 24, 2024",https://product-images.metro.ca/images/h79/h34/9527292002334.jpg,https://www.metro.ca/en/online-grocery/search-page-136
CROWN,"Corn Syrup, Lily White",500 mL,"$4.79
 ea.",,$0.96 /100ml,,,,https://www.metro.ca/en/online-grocery/search-page-136
NATUR-A,Unsweetened Fortified Almond Beverage,946 mL,"$3.49
 ea.",,$0.37 /100ml,,,https://product-images.metro.ca/images/h03/hb0/11627063148574.jpg,https://www.metro.ca/en/online-grocery/search-page-136
ARIZONA,Ginseng And Honey Green Iced Tea,960 mL,"$2.39
 ea.",,$0.25 /100ml,,,https://product-images.metro.ca/images/hed/hf8/12174922088478.jpg,https://www.metro.ca/en/online-grocery/search-page-136
RESOLVE,"Laundry Stain Removing Spray, Oxi-Action",650 ml,"$6.49
 ea.",,$1.00 /100ml,"Regular price
$7.29  ea.","Valid until Feb 7, 2024",,https://www.metro.ca/en/online-grocery/search-page-136
FROMAGERIE PERRON,Cheddar Cheese Aged 2 Years,170 g,"$8.99
 ea.",,$5.29 /100g,"Regular price
$9.79  ea.","Valid until Jan 17, 2024",https://product-images.metro.ca/images/h4d/ha1/8833955987486.jpg,https://www.metro.ca/en/online-grocery/search-page-136
,"Organic Apple, Honeycrisp",Sold individually,"$1.76
 avg. ea.",(200 g avg.),$8.80 /kg$3.99 /lb.,,,,https://www.metro.ca/en/online-grocery/search-page-136
TETLEY,Pure Peppermint Herbal Tea Bags,20 un,"$3.99
 ea.",,$19.95 /100un.,"Regular price
$4.99  ea.","Valid until Feb 7, 2024",https://product-images.metro.ca/images/h91/h29/9635547119646.jpg,https://www.metro.ca/en/online-grocery/search-page-136
TORO LOCO,Spanish Red Wine,1 L,"$13.99
 ea.",,$1.40 /100ml,,,https://product-images.metro.ca/images/h99/hef/9742451605534.jpg,https://www.metro.ca/en/online-grocery/search-page-136
IRRESISTIBLES,Liquid Coconut Oil,250 mL,"$7.79
 ea.",,$3.12 /100ml,"Regular price
$8.99  ea.","Valid until Feb 7, 2024",https://product-images.metro.ca/images/h3a/hb2/10344160657438.jpg,https://www.metro.ca/en/online-grocery/search-page-136
AQUA FUCHSIA,Organic Snow Pea Shoots,75 g,"$3.99
 ea.",,$5.32 /100g,,,https://product-images.metro.ca/images/h76/h58/11461770117150.jpg,https://www.metro.ca/en/online-grocery/search-page-136
DEL MONTE,"Sweet Green Pea, Tender Small",398 mL,"$2.99
 ea.",,$0.75 /100ml,,,,https://www.metro.ca/en/online-grocery/search-page-136
SUNRYPE,"Apple Strawberry Fruit Snack, Fruit To Go",14 g,"5 / 
$3.00",,$4.29 /100g,,,,https://www.metro.ca/en/online-grocery/search-page-136
DUBRETON,Organic Toulouse Sausages,4x100 g,"$9.99
 ea.",,$2.50 /100g,,,https://product-images.metro.ca/images/h33/h4c/9916369993758.jpg,https://www.metro.ca/en/online-grocery/search-page-136
RYVITA,Sesame Rye Crispbread,250 g,"$4.19
 ea.",,$1.68 /100g,"Regular price
$4.99  ea.","Valid until Jan 24, 2024",https://product-images.metro.ca/images/h02/he1/11243905941534.jpg,https://www.metro.ca/en/online-grocery/search-page-136
PILLSBURY,"Raspberry Pastries With Icing, Toaster Strudel",326 g,"$2.99
 ea.",,$0.92 /100g,"Regular price
$4.49  ea.","Valid until Jan 10, 2024",,https://www.metro.ca/en/online-grocery/search-page-136
KRINOS,Sheep'S Milk Feta Cheese,200 g,"$9.49
 ea.",,$4.75 /100g,,,https://product-images.metro.ca/images/hc1/h9c/9514755325982.jpg,https://www.metro.ca/en/online-grocery/search-page-136
NICOLAS LALOUX,"Canadian Rosé Wine, Les Chais 330",1 L,"$11.29
 ea.",,$1.13 /100ml,"Regular price
$12.59  ea.","Valid until Feb 7, 2024",,https://www.metro.ca/en/online-grocery/search-page-136
IRRESISTIBLES,"Mixed Vegetables, Life Smart",398 mL,"$2.29
 ea.",,$0.58 /100ml,,,,https://www.metro.ca/en/online-grocery/search-page-136
NUTS TO YOU NUT BUTTER,Smooth Organic Peanut Butter,500 g,"$6.99
 ea.",,$1.40 /100g,"Regular price
$7.99  ea.","Valid until Feb 7, 2024",https://product-images.metro.ca/images/hf4/h5e/11412536819742.jpg,https://www.metro.ca/en/online-grocery/search-page-136
SUNRYPE,"Apple Raspberry Fruit Snack, Fruit To Go",14 g,"5 / 
$3.00",,$4.29 /100g,,,,https://www.metro.ca/en/online-grocery/search-page-136
EARTH'S OWN,Vanilla Flavoured Fortified Oat Beverage,1.75 L,"$4.99
 ea.",,$0.29 /100ml,,,https://product-images.metro.ca/images/h60/ha6/11608636751902.jpg,https://www.metro.ca/en/online-grocery/search-page-136
PACIFIC,"Ready To Serve Organic Cashew Carrot Ginger Soup, Or...",1 L,"$7.99
 ea.",,$0.80 /100ml,"Regular price
$8.99  ea.","Valid until Jan 24, 2024",,https://www.metro.ca/en/online-grocery/search-page-136
SELECTION,Olive Oil,1 L,"$12.99
 ea.",,$1.30 /100ml,"Regular price
$14.49  ea.","Valid until Feb 7, 2024",https://product-images.metro.ca/images/he0/h58/10498097741854.jpg,https://www.metro.ca/en/online-grocery/search-page-136
,"Boston Top Sirloin Steaks, Value Pack",3 steaks per tray,"$24.79
 avg. ea.",(750 g avg.),$33.05 /kg$14.99 /lb.,,,,https://www.metro.ca/en/online-grocery/search-page-136
MOULIN BLEU,Pure Buckwheat Flour,1 kg,"$4.49
 ea.",,$0.45 /100g,,,https://product-images.metro.ca/images/hdf/h41/9518698332190.jpg,https://www.metro.ca/en/online-grocery/search-page-137
,Millefeuille,4x140 g,"$9.99
 ea.",,$1.78 /100g,,,https://product-images.metro.ca/images/hd0/h9a/9005309526046.jpg,https://www.metro.ca/en/online-grocery/search-page-137
OLÉ! SANGRITA,Sangria Wine Beverage,1 L,"$7.99
 ea.",,$0.80 /100ml,,,https://product-images.metro.ca/images/hce/h22/9239199612958.jpg,https://www.metro.ca/en/online-grocery/search-page-137
IRRESISTIBLES,Frozen Sausages In Puff Pastry Topped With Parmesan ...,468 g,"$12.99
 ea.",,$2.78 /100g,,,,https://www.metro.ca/en/online-grocery/search-page-137
PREMIÈRE MOISSON,Tomato Basil Turkey Breast,,"$4.99
 / 100 g",,$49.90 /kg$22.63 /lb.,,,https://product-images.metro.ca/images/hfc/hff/10009394577438.jpg,https://www.metro.ca/en/online-grocery/search-page-137
ROYAL NUTS,Dried Pitted Prunes,350 g,"$7.99
 ea.",,$2.28 /100g,"Regular price
$8.99  ea.","Valid until Jan 10, 2024",https://product-images.metro.ca/images/ha8/h24/11849333178398.jpg,https://www.metro.ca/en/online-grocery/search-page-137
IRRESISTIBLES,Raspberry Sorbet,946 mL,"$5.49
 ea.",,$0.58 /100ml,"Regular price
$5.99  ea.","Valid until Feb 14, 2024",https://product-images.metro.ca/images/hbe/hd5/10845185376286.jpg,https://www.metro.ca/en/online-grocery/search-page-137
LECLERC,"Chocolate Coated Caramel & Pretzel Chewy Bars, Choco...",175 g,"$1.77
 ea.",,$1.01 /100g,"Regular price
$3.79  ea.","Valid until Jan 10, 2024",,https://www.metro.ca/en/online-grocery/search-page-137
LABATT,"Pilsner Beer, Blue",24x341 mL - bottles,"$36.99
 ea.",,$0.45 /100ml,,,,https://www.metro.ca/en/online-grocery/search-page-137
HERTEL,"Fresh Scent Multipurpose Cleaning Spray, Plus",700 ml,"$4.39
 ea.",,$0.63 /100ml,,,,https://www.metro.ca/en/online-grocery/search-page-137
NAKED,Strawberry And Banana Fruit Smoothie,450 mL,"$4.99
 ea.",,$1.11 /100ml,,,https://product-images.metro.ca/images/h39/h4c/10062224490526.jpg,https://www.metro.ca/en/online-grocery/search-page-137
,White Turnip,,"$2.00
 avg. ea.",(365 g avg.),$5.49 /kg$2.49 /lb.,,,https://product-images.metro.ca/images/h47/h6a/8874239459358.jpg,https://www.metro.ca/en/online-grocery/search-page-137
ALPEN,Original Recipe Muesli Cereal,650 g,"$4.99
 ea.",,$0.77 /100g,"Regular price
$6.79  ea.","Valid until Jan 10, 2024",https://product-images.metro.ca/images/hab/hde/11614476173342.jpg,https://www.metro.ca/en/online-grocery/search-page-137
GRANDMA,Fancy Molasses,1.35 kg,"$8.79
 ea.",,$0.65 /100g,,,https://product-images.metro.ca/images/hb3/h03/11412549206046.jpg,https://www.metro.ca/en/online-grocery/search-page-137
PAYSAN,Head Cheese,150 g,"$5.29
 ea.",,$3.53 /100g,,,https://product-images.metro.ca/images/hea/hcd/11461718540318.jpg,https://www.metro.ca/en/online-grocery/search-page-137
SUGAR TWIN,Calorie-Free Sweetener Packets,100 un,"$5.49
 ea.",,$0.05 /un.,,,https://product-images.metro.ca/images/hcb/h0c/9719579541534.jpg,https://www.metro.ca/en/online-grocery/search-page-137
CLIF BAR,Chocolate Chip Energy Bar,12x68 g,"$25.99
 ea.",,$3.19 /100g,,,https://product-images.metro.ca/images/h9b/h41/11541092728862.jpg,https://www.metro.ca/en/online-grocery/search-page-137
KRAFT,"Calorie-Wise Salad Dressing, Miracle Whip",475 mL,"$5.99
 ea.",,$1.26 /100ml,,,,https://www.metro.ca/en/online-grocery/search-page-137
IRRESISTIBLES,Vanilla Hazelnut Flavoured K-Cup Coffee Pods,12 un,"$6.99
 ea.",,$0.58 /un.,"Regular price
$7.99  ea.","Valid until Jan 10, 2024",https://product-images.metro.ca/images/he7/ha5/11521235976222.jpg,https://www.metro.ca/en/online-grocery/search-page-137
CATELLI,"Tri-Colour Vegetable Pasta, Bistro",375 g,"$3.99
 ea.",,$1.06 /100g,,,,https://www.metro.ca/en/online-grocery/search-page-137
FRESHANA,Guacamole Dip Mix El Grande,28 g,"$1.99
 ea.",,$7.11 /100g,"Regular price
$2.29  ea.","Valid until Jan 10, 2024",https://product-images.metro.ca/images/h08/he7/8858936967198.jpg,https://www.metro.ca/en/online-grocery/search-page-137
LYSOL,Lemon Liquid Multi-Surface Cleaner,1.2 L,"$3.99
 ea.",,$0.33 /100ml,"Regular price
$5.79  ea.","Valid until Feb 7, 2024",https://product-images.metro.ca/images/h97/hbf/10180388093982.jpg,https://www.metro.ca/en/online-grocery/search-page-137
SELECTION,Frozen Honey-Garlic Chicken Wings,650 g,"$12.99
 ea.",,$2.00 /100g,,,https://product-images.metro.ca/images/h9b/hf4/11133604823070.jpg,https://www.metro.ca/en/online-grocery/search-page-137
TEMPTATIONS,"Salmon Flavoured Cat Treats, Mega-Pack",180 g,"$3.79
 ea.",,$2.11 /100g,"Regular price
$4.79  ea.","Valid until Jan 24, 2024",,https://www.metro.ca/en/online-grocery/search-page-137
WINDEX,Original Glass Cleaner Refill,950 ml,"$5.99
 ea.",,$0.63 /100ml,"Regular price
$6.49  ea.","Valid until Feb 7, 2024",https://product-images.metro.ca/images/hc4/hfa/11665309990942.jpg,https://www.metro.ca/en/online-grocery/search-page-137
KNORR,"Garlic Alfredo Fettucine, Sidekicks",133 g,"3 / 
$7.00",,$1.75 /100g,"Regular price
$2.79  ea.","Valid until Jan 24, 2024",,https://www.metro.ca/en/online-grocery/search-page-137
SELECTION,Chocolate Chip Waffles,280 g,"$2.49
 ea.",,$0.89 /100g,,,https://product-images.metro.ca/images/h3d/h1e/10778552434718.jpg,https://www.metro.ca/en/online-grocery/search-page-137
CATELLI,"Spinach Lasagna Pasta, Bistro",375 g,"$4.69
 ea.",,$1.25 /100g,,,,https://www.metro.ca/en/online-grocery/search-page-137
CESAR,Grilled Chicken Flavoured Wet Dog Food,100 g,"$1.99
 ea.",,$1.99 /100g,"Regular price
$2.19  ea.","Valid until Jan 24, 2024",https://product-images.metro.ca/images/h76/h6e/9751018536990.jpg,https://www.metro.ca/en/online-grocery/search-page-137
VH,"Teriyaki Cooking Sauce, Japanese",341 mL,"2 / 
$8.00",,$1.17 /100ml,"Regular price
$4.69  ea.","Valid until Jan 24, 2024",,https://www.metro.ca/en/online-grocery/search-page-137
THIRSTY BUDDHA,All Natural Coconut Water,1 L,"$7.49
 ea.",,$0.75 /100ml,,,https://product-images.metro.ca/images/h27/hb1/12210152407070.jpg,https://www.metro.ca/en/online-grocery/search-page-138
IRRESISTIBLES,"Goat'S Milk Cheese With Honey, Artisan",250 g,"$10.99
 ea.",,$4.40 /100g,,,,https://www.metro.ca/en/online-grocery/search-page-138
QUAKER,Oatmeal Muffin Mix,900 g,"$4.49
 ea.",,$0.50 /100g,"Regular price
$5.99  ea.","Valid until Jan 10, 2024",https://product-images.metro.ca/images/hb0/h06/12279407247390.jpg,https://www.metro.ca/en/online-grocery/search-page-138
BRODIE,Self-Raising Cake And Pastry Flour,1 kg,"$4.29
 ea.",,$0.43 /100g,,,https://product-images.metro.ca/images/hec/hfa/10475431002142.jpg,https://www.metro.ca/en/online-grocery/search-page-138
WINDSOR SALT,Coarse Kosher Salt,1.36 kg,"$6.49
 ea.",,$0.48 /100g,,,https://product-images.metro.ca/images/h20/h60/11754120118302.jpg,https://www.metro.ca/en/online-grocery/search-page-138
CEDAR,Split Red Lentils,907 g,"$4.49
 ea.",,$0.50 /100g,,,https://product-images.metro.ca/images/h2f/hf8/11590607994910.jpg,https://www.metro.ca/en/online-grocery/search-page-138
CAPITAIN GOURMET,Garlic Butter,125 g,"$5.49
 ea.",,$4.39 /100g,"Regular price
$5.99  ea.","Valid until Jan 17, 2024",https://product-images.metro.ca/images/h5a/h2e/10518811705374.jpg,https://www.metro.ca/en/online-grocery/search-page-138
PÂTE 2000,Italian Thin Square Pizza Crusts,580 g,"$7.99
 ea.",,$1.38 /100g,,,https://product-images.metro.ca/images/hd2/he1/9910172712990.jpg,https://www.metro.ca/en/online-grocery/search-page-138
OREO,"Thin Vanilla Flavoured Sandwich Cookies, Golden",287 g,"$3.79
 ea.",,$1.32 /100g,"Regular price
$4.79  ea.","Valid until Jan 24, 2024",,https://www.metro.ca/en/online-grocery/search-page-138
,Canary Melon,Sold individually,"$9.58
 avg. ea.","(1,600 g avg.)","$5,990.00 /kg$2,717.02 /lb.",,,https://product-images.metro.ca/images/haf/ha3/8837109415966.jpg,https://www.metro.ca/en/online-grocery/search-page-138
CEDAR,Basmati Rice,907 g,"$6.49
 ea.",,$0.72 /100g,,,https://product-images.metro.ca/images/h68/h87/8896343965726.jpg,https://www.metro.ca/en/online-grocery/search-page-138
CARLOS PEPITO,"Rosée Sangria Flavoured Alcoholic Malt Beverage, Bel...",1 L,"$7.99
 ea.",,$0.80 /100ml,"Regular price
$9.99  ea.","Valid until Feb 7, 2024",,https://www.metro.ca/en/online-grocery/search-page-138
PAYSANNE,Original Parmesan Cheese Fondue,180 g,"$4.99
 ea.",,$2.77 /100g,"Regular price
$5.29  ea.","Valid until Jan 17, 2024",https://product-images.metro.ca/images/hed/hca/10308069687326.jpg,https://www.metro.ca/en/online-grocery/search-page-138
,Oatmeal And Raspberry Cookies,"6 cookies, 606 g","$5.99
 ea.",,$0.99 /100g,"Regular price
$6.99  ea.","Valid until Jan 10, 2024",https://product-images.metro.ca/images/he7/hbb/8923559657502.jpg,https://www.metro.ca/en/online-grocery/search-page-138
SMUCKER'S,"Strawberry Fruit Spread, Double Fruit",375 mL,"$5.99
 ea.",,$1.60 /100ml,"Regular price
$6.49  ea.","Valid until Feb 7, 2024",,https://www.metro.ca/en/online-grocery/search-page-138
SELECTION,9" Deep Dish Pie Shells,"2 shells, 340 g","$2.99
 ea.",,$0.88 /100g,"Regular price
$3.99  ea.","Valid until Jan 10, 2024",,https://www.metro.ca/en/online-grocery/search-page-138
DEL MONTE,Peach Slices In Water With No Added Sugar,398 mL,"$3.49
 ea.",,$0.88 /100ml,,,https://product-images.metro.ca/images/h20/h76/9858074083358.jpg,https://www.metro.ca/en/online-grocery/search-page-138
CLIF BAR,Crunchy Peanut Butter Energy Bar,12x68 g,"$25.99
 ea.",,$3.19 /100g,,,https://product-images.metro.ca/images/hfe/h6e/11541057404958.jpg,https://www.metro.ca/en/online-grocery/search-page-138
SELECTION,Butter Flavoured Pop Corn,282 g,"$2.49
 ea.",,$0.88 /100g,"Regular price
$3.29  ea.","Valid until Jan 24, 2024",https://product-images.metro.ca/images/h19/h37/9651670679582.jpg,https://www.metro.ca/en/online-grocery/search-page-138
TWININGS,Pure Peppermint Herbal Tea Bags,20 un,"$5.79
 ea.",,$0.29 /un.,,,https://product-images.metro.ca/images/hed/h3d/11665330176030.jpg,https://www.metro.ca/en/online-grocery/search-page-138
DEL MONTE,Peach Slices In Fruit Juice,398 mL,"$3.49
 ea.",,$0.88 /100ml,,,https://product-images.metro.ca/images/hc4/h30/10309916327966.jpg,https://www.metro.ca/en/online-grocery/search-page-138
GATORADE,Sport Drink Beverage Variety Pack,24x591 mL,"$19.99
 ea.",,$0.14 /100ml,,,https://product-images.metro.ca/images/ha5/he4/11816911110174.jpg,https://www.metro.ca/en/online-grocery/search-page-138
CATELLI,"Spinach Fettuccine, Bistro",375 g,"$3.99
 ea.",,$1.06 /100g,,,,https://www.metro.ca/en/online-grocery/search-page-138
COATICOOK,Maple Taffy Ice Cream Log,1.5 L,"$11.69
 ea.",,$0.78 /100ml,,,https://product-images.metro.ca/images/h5d/h43/10231214571550.jpg,https://www.metro.ca/en/online-grocery/search-page-138
HANDI-FOIL,"Roaster/Baker Pans, Eco-Foil",3 un,"$2.99
 ea.",,$2.99 /un.,,,,https://www.metro.ca/en/online-grocery/search-page-138
ALLEN'S,Pickling Vinegar,4 L,"$5.49
 ea.",,$0.14 /100ml,,,https://product-images.metro.ca/images/ha2/hd5/11761492656158.jpg,https://www.metro.ca/en/online-grocery/search-page-138
GENERAL MILLS,"Peanut Butter And Chocolatey Cereal Value Pack, Rees...",601 g,"$8.99
 ea.",,$1.50 /100g,,,,https://www.metro.ca/en/online-grocery/search-page-138
COLGATE,Cavity Protection Toothpaste,120 ml,"$2.79
 ea.",,$2.32 /100ml,,,https://product-images.metro.ca/images/h99/he2/11735007821854.jpg,https://www.metro.ca/en/online-grocery/search-page-138
BLACK DIAMOND,Lactose Free Old Cheddar Cheese,400 g,"$6.99
 ea.",,$1.75 /100g,"Regular price
$7.49  ea.","Valid until Feb 14, 2024",https://product-images.metro.ca/images/h6a/h4e/8960322207774.jpg,https://www.metro.ca/en/online-grocery/search-page-138
SELECTION,Mild Extra Chunky Salsa,650 mL,"$4.99
 ea.",,$0.77 /100ml,,,https://product-images.metro.ca/images/hc4/h49/8853281341470.jpg,https://www.metro.ca/en/online-grocery/search-page-138
SELECTION,Chewy Chocolate Chip Granola Bars,157 g,"$2.99
 ea.",,$1.90 /100g,,,https://product-images.metro.ca/images/hcc/hfc/10300093988894.jpg,https://www.metro.ca/en/online-grocery/search-page-139
AKI SUSHI,Calrose Sushi Rice,900 g,"$8.99
 ea.",,$1.00 /100g,,,https://product-images.metro.ca/images/h44/h0d/10294488039454.jpg,https://www.metro.ca/en/online-grocery/search-page-139
NESTLÉ,"70% Cocoa Dark Chocolate Bar, Aero",42 g,"$1.59
 ea.",,$3.79 /100g,,,,https://www.metro.ca/en/online-grocery/search-page-139
TRE STELLE,Mascarpone Cheese,275 g,"$10.49
 ea.",,$3.81 /100g,"Regular price
$10.99  ea.","Valid until Jan 17, 2024",https://product-images.metro.ca/images/h64/h01/10821293047838.jpg,https://www.metro.ca/en/online-grocery/search-page-139
PLAISIRS GASTRONOMIQUES,Three Bean Salad,385 g,"$6.99
 ea.",,$1.82 /100g,,,https://product-images.metro.ca/images/h17/h96/9529745047582.jpg,https://www.metro.ca/en/online-grocery/search-page-139
SELECTION,Regular Garbage Bags,20 un,"$4.29
 ea.",,$0.21 /un.,,,https://product-images.metro.ca/images/ha7/h99/8910017953822.jpg,https://www.metro.ca/en/online-grocery/search-page-139
SELECTION,Orange Pekoe Tea,100 un,"$3.99
 ea.",,$0.04 /un.,,,https://product-images.metro.ca/images/hbf/hce/8947320651806.jpg,https://www.metro.ca/en/online-grocery/search-page-139
EARTH'S OWN,Unsweetened Vanilla Flavoured Fortified Organic Almo...,1.75 L,"$4.79
 ea.",,$0.27 /100ml,,,,https://www.metro.ca/en/online-grocery/search-page-139
METROGO!,Caesar Salad,Small,"$3.99
 ea.",,$3.19 /100g,,,https://product-images.metro.ca/images/h83/h88/8837311266846.jpg,https://www.metro.ca/en/online-grocery/search-page-139
HEINZ,"Garlic Sauce, Aioli",355 mL,"$4.99
 ea.",,$1.41 /100ml,"Regular price
$5.49  ea.","Valid until Jan 24, 2024",,https://www.metro.ca/en/online-grocery/search-page-139
BLOUIN,Dark Toasted Flour,280 g,"$2.99
 ea.",,$1.07 /100g,,,https://product-images.metro.ca/images/hae/h1a/12122100563998.jpg,https://www.metro.ca/en/online-grocery/search-page-139
SAN-J,Tamari Sauce,296 mL,"$5.99
 ea.",,$2.02 /100ml,"Regular price
$7.99  ea.","Valid until Jan 10, 2024",https://product-images.metro.ca/images/h8d/h8a/11816847278110.jpg,https://www.metro.ca/en/online-grocery/search-page-139
CAMPBELL'S,"Fire Roasted Sweet Pepper And Tomato Soup, Everyday ...",500 mL,"$3.49
 ea.",,$0.70 /100ml,"Regular price
$4.29  ea.","Valid until Jan 24, 2024",,https://www.metro.ca/en/online-grocery/search-page-139
WHISKAS,"Chicken Flavoured Wet Cat Food In Gravy, Perfect Por...",75 g,"3 / 
$4.00",,$1.78 /100g,"Regular price
$1.79  ea.","Valid until Jan 24, 2024",,https://www.metro.ca/en/online-grocery/search-page-139
SELECTION,Design Paper Cups,40 un,"$5.49
 ea.",,$0.14 /un.,,,https://product-images.metro.ca/images/h09/hbb/8810006577182.jpg,https://www.metro.ca/en/online-grocery/search-page-139
MINUTE RICE,Basmati Rice,500 g,"$5.49
 ea.",,$1.10 /100g,,,https://product-images.metro.ca/images/h74/h5f/11198041948190.jpg,https://www.metro.ca/en/online-grocery/search-page-139
HEALTHY CHOICE,"Frozen Grilled Chicken And Broccoli Alfredo, Simply ...",259 g,"$5.99
 ea.",,$2.31 /100g,,,,https://www.metro.ca/en/online-grocery/search-page-139
KAISER,Tête Dure Semi Firm Surface Ripened Cheese,1 piece,"$16.11
 avg. ea.",(425 g avg.),$37.90 /kg$17.19 /lb.,,,https://product-images.metro.ca/images/hef/h44/9557843476510.jpg,https://www.metro.ca/en/online-grocery/search-page-139
CELESTIAL SEASONINGS,Bengal Spice Herbal Tea Bags,20 un,"$4.99
 ea.",,$24.95 /100un.,,,https://product-images.metro.ca/images/h06/h71/12210131238942.jpg,https://www.metro.ca/en/online-grocery/search-page-139
NESTEA,Lemon Flavoured Iced Tea,1.89 L,"$4.99
 ea.",,$0.26 /100ml,,,https://product-images.metro.ca/images/h40/he0/10495679594526.jpg,https://www.metro.ca/en/online-grocery/search-page-139
SUNRYPE,"Apple Berry Carrot Fruit Snack, Fruit To Go",14 g,"5 / 
$3.00",,$4.29 /100g,,,,https://www.metro.ca/en/online-grocery/search-page-139
METROGO!,Bacon And Cheddar Potato Salad,,"$4.38
 avg. ea.",(220 g avg.),$19.90 /kg$9.03 /lb.,,,https://product-images.metro.ca/images/hdc/hda/11926695739422.jpg,https://www.metro.ca/en/online-grocery/search-page-139
SCHNEIDERS,"Smoked All Beef Wieners, Juicy Jumbos",375 g,"$9.99
 ea.",,$2.66 /100g,,,,https://www.metro.ca/en/online-grocery/search-page-139
NATREL,"1% Organic Milk, Fine-Filtered",2 L,"$7.99
 ea.",,$0.40 /100ml,,,,https://www.metro.ca/en/online-grocery/search-page-139
SELECTION,Chocolate Chip & Marshmallow Granola Chewy Bars,6 bars,"$2.99
 ea.",,$1.90 /100g,,,https://product-images.metro.ca/images/h65/hdb/10268224618526.jpg,https://www.metro.ca/en/online-grocery/search-page-139
COMMENSAL,Pea Soup,600 mL,"$7.79
 ea.",,$1.30 /100ml,,,https://product-images.metro.ca/images/hc0/h00/10062181564446.jpg,https://www.metro.ca/en/online-grocery/search-page-139
ST-MICHEL,Mini Madeleines Cookies,250 g,"$5.49
 ea.",,$2.20 /100g,,,https://product-images.metro.ca/images/h3b/h5e/9533583032350.jpg,https://www.metro.ca/en/online-grocery/search-page-139
SCHNEIDERS,"Original Smoked Wieners, Juicy Jumbos",450 g,"$9.99
 ea.",,$2.22 /100g,,,,https://www.metro.ca/en/online-grocery/search-page-139
NATUR-A,Vanilla Flavoured Organic Fortified Soy Beverage,3x200 mL,"$3.29
 ea.",,$0.55 /100ml,"Regular price
$3.79  ea.","Valid until Feb 7, 2024",https://product-images.metro.ca/images/h48/ha8/10433027538974.jpg,https://www.metro.ca/en/online-grocery/search-page-139
CHEF LELARGE,"Bordelaise Sauce Mix, Fine Cuisine",40 g,"3 / 
$5.00",,$4.17 /100g,"Regular price
$2.69  ea.","Valid until Jan 10, 2024",,https://www.metro.ca/en/online-grocery/search-page-139
VH,Soya Sauce,380 mL,"2 / 
$7.00",,$0.92 /100ml,"Regular price
$3.99  ea.","Valid until Jan 24, 2024",https://product-images.metro.ca/images/h1f/h50/9300922826782.jpg,https://www.metro.ca/en/online-grocery/search-page-140
PLANTERS,"Salted Peanuts, Cocktail",200 g,"$2.69
 ea.",,$1.35 /100g,"Regular price
$3.49  ea.","Valid until Jan 24, 2024",,https://www.metro.ca/en/online-grocery/search-page-140
IRRESISTIBLES,Dried Apricots,400 g,"$9.99
 ea.",,$2.50 /100g,,,https://product-images.metro.ca/images/he9/h51/9051587051550.jpg,https://www.metro.ca/en/online-grocery/search-page-140
MARS,"Chocolate Bars, Mars",4x52 g,"$6.29
 ea.",,$3.02 /100g,,,,https://www.metro.ca/en/online-grocery/search-page-140
LA PARISIENNE,Winter Cool Scent Concentrated Detergent,64 loads-2.56 L,"$10.49
 ea.",,$0.16 /load,,,https://product-images.metro.ca/images/hf1/he2/8809182724126.jpg,https://www.metro.ca/en/online-grocery/search-page-140
SELECTION,Regular Garbage Bags,40 un,"$5.99
 ea.",,$0.15 /un.,,,https://product-images.metro.ca/images/h12/h35/8809096478750.jpg,https://www.metro.ca/en/online-grocery/search-page-140
VAN HOUTTE,Original House Blend Medium Ground Coffee,340 g,"$9.99
 ea.",,$2.94 /100g,"Regular price
$10.99  ea.","Valid until Feb 7, 2024",https://product-images.metro.ca/images/he7/heb/12174906523678.jpg,https://www.metro.ca/en/online-grocery/search-page-140
LE BÉDOUIN,Haloumi Semi-Soft Cheese,200 g,"$7.99
 ea.",,$4.00 /100g,"Regular price
$9.99  ea.","Valid until Jan 17, 2024",https://product-images.metro.ca/images/hf8/hee/11761972445214.jpg,https://www.metro.ca/en/online-grocery/search-page-140
YVES VEGGIE CUISINE,Plant-Based Spicy Italian Sausages,380 g,"$6.99
 ea.",,$1.84 /100g,,,https://product-images.metro.ca/images/h49/h2f/11849340682270.jpg,https://www.metro.ca/en/online-grocery/search-page-140
CHANTEPOM,Sparkling Apple & Cranberry Juice,750 mL,"$6.99
 ea.",,$0.93 /100ml,,,https://product-images.metro.ca/images/h27/hdd/9910167797790.jpg,https://www.metro.ca/en/online-grocery/search-page-140
RICKARD'S,"Irish-Style Red Ale, Red",12x355 mL - cans,"$23.99
 ea.",,$0.56 /100ml,,,,https://www.metro.ca/en/online-grocery/search-page-140
LES CULTURES DU LARGE,"Trésor Du Large Cocktail Oysters, Îles-De-La-Madeleine",18 un,"$27.99
 ea.",,$1.56 /un.,,,,https://www.metro.ca/en/online-grocery/search-page-140
PLAISIRS GASTRONOMIQUES,Meat Pie,275 g,"$5.79
 ea.",,$2.11 /100g,,,https://product-images.metro.ca/images/hb8/hb9/9529778569246.jpg,https://www.metro.ca/en/online-grocery/search-page-140
FAMILLE MIGNERON DE CHARLEVOIX,Le Migneron De Charlevoix Semi-Soft Cheese,140 g,"$11.99
 ea.",,$8.56 /100g,,,https://product-images.metro.ca/images/h88/hff/11449527762974.jpg,https://www.metro.ca/en/online-grocery/search-page-140
SMART ONES,"Frozen Chicken Parmesan, Gourmet",283 g,"3 / 
$10.00",,$1.07 /100g,"Regular price
$4.49  ea.","Valid until Feb 14, 2024",,https://www.metro.ca/en/online-grocery/search-page-140
IRRESISTIBLES,Guatemala Ground Coffee,340 g,"$6.99
 ea.",,$2.06 /100g,"Regular price
$8.49  ea.","Valid until Jan 10, 2024",https://product-images.metro.ca/images/he5/hdb/9041581146142.jpg,https://www.metro.ca/en/online-grocery/search-page-140
COMMENSAL,Indian Lentil Soup,600 mL,"$7.79
 ea.",,$1.30 /100ml,,,https://product-images.metro.ca/images/h2c/h02/10062162067486.jpg,https://www.metro.ca/en/online-grocery/search-page-140
HIGH LINER,Frozen Sole Fillets,400 g,"$9.99
 ea.",,$2.50 /100g,"Regular price
$10.99  ea.","Valid until Jan 17, 2024",https://product-images.metro.ca/images/h87/h62/12018730336286.jpg,https://www.metro.ca/en/online-grocery/search-page-140
CARLING,"Lager Beer, Black Label",12x355 mL - cans,"$17.99
 ea.",,$0.42 /100ml,,,,https://www.metro.ca/en/online-grocery/search-page-140
QUÉBON,3.25% Milk,2 L,"$5.39
 ea.",,$0.27 /100ml,,,https://product-images.metro.ca/images/h29/h20/11401262465054.jpg,https://www.metro.ca/en/online-grocery/search-page-140
RENÉE'S GOURMET,Mighty Caesar Dressing & Dip Individual Pack,43 mL,"$0.69
 ea.",,$1.60 /100ml,,,https://product-images.metro.ca/images/he7/h0a/9987012788254.jpg,https://www.metro.ca/en/online-grocery/search-page-140
BERTOLLI,White Wine Vinegar,500 mL,"$4.99
 ea.",,$1.00 /100ml,,,https://product-images.metro.ca/images/ha2/h69/11381604778014.jpg,https://www.metro.ca/en/online-grocery/search-page-140
SENSODYNE,Brilliant Whitening Toothpaste For Sensitive Teeth,100 mL,"$5.99
 ea.",,$5.99 /100ml,,,https://product-images.metro.ca/images/h21/h26/11540936556574.jpg,https://www.metro.ca/en/online-grocery/search-page-140
MAXWELL HOUSE,Half-Caffeine Instant Coffee,150 g,"$5.99
 ea.",,$3.99 /100g,,,https://product-images.metro.ca/images/h31/hdf/9987060334622.jpg,https://www.metro.ca/en/online-grocery/search-page-140
STARBUCKS,Decaffeinated House Blend K-Cup® Coffee Pods,10 un,"$13.29
 ea.",,$1.33 /un.,,,https://product-images.metro.ca/images/h01/h81/12266513858590.jpg,https://www.metro.ca/en/online-grocery/search-page-140
SELECTION,À La King Sauce Mix,52 g,"$0.99
 ea.",,$1.90 /100g,"Regular price
$1.49  ea.","Valid until Jan 24, 2024",,https://www.metro.ca/en/online-grocery/search-page-140
HUNGRY-MAN,Fried Chicken Frozen Meal,360 g,"$6.29
 ea.",,$1.75 /100g,,,https://product-images.metro.ca/images/hb0/hb2/11461707300894.jpg,https://www.metro.ca/en/online-grocery/search-page-140
BOB'S RED MILL,Gluten Free Super-Fine Almond Flour,453 g,"$18.49
 ea.",,$4.08 /100g,,,https://product-images.metro.ca/images/hb2/h2e/11511636164638.jpg,https://www.metro.ca/en/online-grocery/search-page-140
ATTITUDE,Southwest Salad Kit,402 g,"$8.99
 ea.",,$2.24 /100g,,,https://product-images.metro.ca/images/hb8/h14/10938841530398.jpg,https://www.metro.ca/en/online-grocery/search-page-140
RENÉE'S GOURMET,Spring Herb Italian Dressing And Marinade,350 mL,"$5.99
 ea.",,$1.71 /100ml,,,https://product-images.metro.ca/images/h76/hc2/9986766929950.jpg,https://www.metro.ca/en/online-grocery/search-page-140
ALLESSIA,San Marzano Tomatoes With Basil,796 mL,"$6.49
 ea.",,$0.82 /100ml,"Regular price
$6.99  ea.","Valid until Jan 24, 2024",https://product-images.metro.ca/images/hbb/h51/9073760665630.jpg,https://www.metro.ca/en/online-grocery/search-page-141
OLIVIERI,3 Cheese Tortellini,350 g,"$6.99
 ea.",,$2.00 /100g,,,https://product-images.metro.ca/images/hdc/hef/10685923983390.jpg,https://www.metro.ca/en/online-grocery/search-page-141
HANDI-FOIL,Freezer Aluminum Containers With Lids,7 un,"$2.50
 ea.",,$2.50 /un.,"Regular price
$5.99  ea.","Valid until Jan 10, 2024",https://product-images.metro.ca/images/h7a/heb/8808862449694.jpg,https://www.metro.ca/en/online-grocery/search-page-141
SELECTION,Chewy Caramel And Nut Granola Bars Coated With Milk ...,172 g,"$2.99
 ea.",,$1.74 /100g,,,,https://www.metro.ca/en/online-grocery/search-page-141
SELECTION,Vegetable Cocktail,1.89 L,"$2.99
 ea.",,$0.16 /100ml,"Regular price
$4.19  ea.","Valid until Jan 24, 2024",https://product-images.metro.ca/images/hab/h27/12210122031134.jpg,https://www.metro.ca/en/online-grocery/search-page-141
SELECTION,Chopped Walnuts,350 g,"$8.49
 ea.",,$2.43 /100g,,,https://product-images.metro.ca/images/hf2/h7a/11521217757214.jpg,https://www.metro.ca/en/online-grocery/search-page-141
BABYBEL,Lactose Free Light Mini Cheeses,12x20 g,"$9.29
 ea.",,$3.87 /100g,,,https://product-images.metro.ca/images/hcc/h27/9532970926110.jpg,https://www.metro.ca/en/online-grocery/search-page-141
SELECTION,Apple Jelly,500 mL,"$3.99
 ea.",,$0.80 /100ml,"Regular price
$4.79  ea.","Valid until Feb 7, 2024",https://product-images.metro.ca/images/h94/h94/9098481991710.jpg,https://www.metro.ca/en/online-grocery/search-page-141
TIM HORTONS,Colombian Ground Coffee,300 g,"$10.49
 ea.",,$3.50 /100g,,,https://product-images.metro.ca/images/h3a/h67/11272679784478.jpg,https://www.metro.ca/en/online-grocery/search-page-141
GROLSCH,Non-Alcoholic Dutch Lager Beer,4x500 mL - cans,"$10.99
 ea.",,$0.55 /100ml,"Regular price
$12.99  ea.","Valid until Feb 7, 2024",https://product-images.metro.ca/images/ha4/h70/9435470430238.jpg,https://www.metro.ca/en/online-grocery/search-page-141
REVOLUTION,American Red Wine,4 L,"$46.49
 ea.",,$1.16 /100ml,,,https://product-images.metro.ca/images/he6/h3b/10399666274334.jpg,https://www.metro.ca/en/online-grocery/search-page-141
FRISKIES,"Chicken And Salmon Wet Cat Food, Shredded",156 g,"$1.49
 ea.",,$0.96 /100g,,,,https://www.metro.ca/en/online-grocery/search-page-141
VAN HOUTTE,"Original House Blend Ground Coffee, Classic Collection",908 g,"$23.99
 ea.",,$2.64 /100g,,,,https://www.metro.ca/en/online-grocery/search-page-141
SELECTION,Lemon & Pepper Flavoured Flaked Light Tuna,85 g,"$1.39
 ea.",,$1.64 /100g,"Regular price
$1.99  ea.","Valid until Jan 24, 2024",https://product-images.metro.ca/images/hc0/h50/9518753644574.jpg,https://www.metro.ca/en/online-grocery/search-page-141
THE LAUGHING COW,"Cream Cheese Spread, Kiri",8x18 g,"$3.79
 ea.",,$2.63 /100g,"Regular price
$5.79  ea.","Valid until Jan 10, 2024",,https://www.metro.ca/en/online-grocery/search-page-141
METROGO!,Pesto Pennine Salad,,"$3.38
 avg. ea.",(170 g avg.),$19.90 /kg$9.03 /lb.,,,https://product-images.metro.ca/images/hd4/h27/8868210507806.jpg,https://www.metro.ca/en/online-grocery/search-page-141
IÖGO,1.5% Strawberry Yogurt,2 kg,"$8.99
 ea.",,$0.45 /100g,,,https://product-images.metro.ca/images/h1d/hd7/11257118490654.jpg,https://www.metro.ca/en/online-grocery/search-page-141
VILEDA,Small-Medium Sensitive Gloves,1 un,"$3.49
 ea.",,$3.49 /un.,,,https://product-images.metro.ca/images/hc4/h3d/10183762837534.jpg,https://www.metro.ca/en/online-grocery/search-page-141
BETTY CROCKER,"French Vanilla Frosting, Creamy Deluxe",450 g,"$2.00
 ea.",,$0.44 /100g,"Regular price
$2.99  ea.","Valid until Feb 7, 2024",,https://www.metro.ca/en/online-grocery/search-page-141
LE SAUNIER DE CAMARGUE,Hand Harvested Sea Salt,125 g,"$9.49
 ea.",,$7.59 /100g,,,https://product-images.metro.ca/images/h33/h88/11754114875422.jpg,https://www.metro.ca/en/online-grocery/search-page-141
RENÉE'S GOURMET,Honey Dijon Vinaigrette,350 mL,"$5.99
 ea.",,$1.71 /100ml,,,https://product-images.metro.ca/images/hbc/h7a/9986761523230.jpg,https://www.metro.ca/en/online-grocery/search-page-141
TEMPTATIONS,"Turkey Flavoured Cat Treats, Mega-Pack",180 g,"$3.79
 ea.",,$2.11 /100g,"Regular price
$4.79  ea.","Valid until Jan 24, 2024",,https://www.metro.ca/en/online-grocery/search-page-141
DEL MONTE,Peach Slices In Water With No Added Sugar,796 mL,"$5.99
 ea.",,$0.75 /100ml,,,https://product-images.metro.ca/images/ha3/ha4/10309911642142.jpg,https://www.metro.ca/en/online-grocery/search-page-141
CESAR,Top Sirloin Flavoured Entrées For Small Dogs,100 g,"$1.99
 ea.",,$1.99 /100g,"Regular price
$2.19  ea.","Valid until Jan 24, 2024",https://product-images.metro.ca/images/h64/h16/9518088847390.jpg,https://www.metro.ca/en/online-grocery/search-page-141
SELECTION,Caesar Dressing,475 mL,"$2.99
 ea.",,$0.63 /100ml,"Regular price
$3.69  ea.","Valid until Jan 24, 2024",https://product-images.metro.ca/images/ha4/h76/11521123778590.jpg,https://www.metro.ca/en/online-grocery/search-page-141
E.D.SMITH,Mint Jelly,250 mL,"$4.49
 ea.",,$1.80 /100ml,,,https://product-images.metro.ca/images/hd9/h06/11274325098526.jpg,https://www.metro.ca/en/online-grocery/search-page-141
AKI SUSHI,"Spring Rolls, Crisp-Smoked",1 pieces,"$10.99
 ea.",,$10.99 /un.,,,,https://www.metro.ca/en/online-grocery/search-page-141
BETTY CROCKER,Chocolate Chunk Brownies Mix,440 g,"$4.19
 ea.",,$0.95 /100g,,,https://product-images.metro.ca/images/h68/he9/10393694273566.jpg,https://www.metro.ca/en/online-grocery/search-page-141
ALLÉGRO,9% Lactose Free Jalapeño Cheese,270 g,"$7.49
 ea.",,$2.77 /100g,,,https://product-images.metro.ca/images/h8b/hda/10268285272094.jpg,https://www.metro.ca/en/online-grocery/search-page-141
VOORTMAN,Blueberry Turnover Soft Cookies,300 g,"$3.49
 ea.",,$1.16 /100g,,,https://product-images.metro.ca/images/hcc/hd2/10715250360350.jpg,https://www.metro.ca/en/online-grocery/search-page-141
,Thai Chili Peppers,40 g,"$4.99
 ea.",,$12.48 /100g,,,https://product-images.metro.ca/images/h2a/hab/11511603167262.jpg,https://www.metro.ca/en/online-grocery/search-page-142
,"Bag Of Mcintosh Apples, McIntosh",4 lb,"$7.99
 ea.",,$0.44 /100g,,,,https://www.metro.ca/en/online-grocery/search-page-142
IRRESISTIBLES,Carrot Muffins,600 g,"$7.99
 ea.",,$1.33 /100g,,,https://product-images.metro.ca/images/h6c/h03/9073814208542.jpg,https://www.metro.ca/en/online-grocery/search-page-142
DE CECCO,Orecchiette Pasta,454 g,"$2.99
 ea.",,$0.66 /100g,"Regular price
$3.79  ea.","Valid until Jan 24, 2024",https://product-images.metro.ca/images/hce/h8f/11521366261790.jpg,https://www.metro.ca/en/online-grocery/search-page-142
OASIS,Strawberry Banana Juice,960 mL,"$2.39
 ea.",,$0.25 /100ml,,,https://product-images.metro.ca/images/h36/ha9/11513906987038.jpg,https://www.metro.ca/en/online-grocery/search-page-142
BOURSIN,Apple And Maple Fresh Cheese,150 g,"$8.00
 ea.",,$5.33 /100g,,,https://product-images.metro.ca/images/hf6/h02/11849428041758.jpg,https://www.metro.ca/en/online-grocery/search-page-142
,Organic Nantes Carrots,454 g,"$4.99
 ea.",,$1.10 /100g,,,https://product-images.metro.ca/images/had/hcb/9938169495582.jpg,https://www.metro.ca/en/online-grocery/search-page-142
BLACK DIAMOND,"Mozzarella Cheese Sticks, Cheesetrings",28 sticks,"$12.99
 ea.",,$2.21 /100g,,,,https://www.metro.ca/en/online-grocery/search-page-142
NEW YORK STYLE,Sea Salt Bagel Crisps,170 g,"$6.99
 ea.",,$4.11 /100g,,,https://product-images.metro.ca/images/he0/h2d/9529872613406.jpg,https://www.metro.ca/en/online-grocery/search-page-142
HOUSE FOODS,Spaghetti Shaped Tofu Noodles,226 g,"$2.99
 ea.",,$1.32 /100g,,,https://product-images.metro.ca/images/hdf/h34/11461743411230.jpg,https://www.metro.ca/en/online-grocery/search-page-142
IRRESISTIBLES,Virgin Avocado Oil,500 mL,"$13.99
 ea.",,$2.80 /100ml,"Regular price
$15.49  ea.","Valid until Feb 7, 2024",https://product-images.metro.ca/images/h1f/h59/10365196304414.jpg,https://www.metro.ca/en/online-grocery/search-page-142
,Lemon Grass,5 to 6 units per package,"$2.99
 ea.",,$2.99 /un.,,,https://product-images.metro.ca/images/hf2/h76/11461768314910.jpg,https://www.metro.ca/en/online-grocery/search-page-142
KRAFT,"Sun-Dried Tomato & Oregano Dressing, Calorie Wise",475 mL,"$4.49
 ea.",,$0.95 /100ml,,,,https://www.metro.ca/en/online-grocery/search-page-142
METROGO!,Bacon-Wraped Seasoned Chicken Breast Tournedos,2 tournedos per tray,"$14.49
 avg. ea.",(470 g avg.),$30.84 /kg$13.99 /lb.,,,https://product-images.metro.ca/images/h78/h58/8886570942494.jpg,https://www.metro.ca/en/online-grocery/search-page-142
KICKING HORSE,Organic Decaf Coffee Beans,454 g,"$13.99
 ea.",,$3.08 /100g,"Regular price
$18.99  ea.","Valid until Feb 7, 2024",https://product-images.metro.ca/images/h1f/h64/11665341055006.jpg,https://www.metro.ca/en/online-grocery/search-page-142
IRRESISTIBLES,Lactose-Free Swiss Cheese Slices,350 g,"$13.29
 ea.",,$3.80 /100g,,,https://product-images.metro.ca/images/h07/hb6/10029188513822.jpg,https://www.metro.ca/en/online-grocery/search-page-142
NESCAFÉ,"Finely Ground Dark Roast Instant Coffee, Gold",100 g,"$8.99
 ea.",,$8.99 /100g,,,,https://www.metro.ca/en/online-grocery/search-page-142
MOLSON,"Lager Beer, Dry",30x355 mL - cans,"$42.99
 ea.",,$0.40 /100ml,"Regular price
$44.49  ea.","Valid until Jan 10, 2024",,https://www.metro.ca/en/online-grocery/search-page-142
ALEXIS DE PORTNEUF,La Sauvagine™ Soft Cheese,125 g,"$8.00
 ea.",,$6.40 /100g,"Regular price
$9.49  ea.","Valid until Jan 10, 2024",https://product-images.metro.ca/images/hb3/h14/10433038680094.jpg,https://www.metro.ca/en/online-grocery/search-page-142
KICKING HORSE,Organic Smart Ass Coffee Beans,454 g,"$13.99
 ea.",,$3.08 /100g,"Regular price
$18.99  ea.","Valid until Feb 7, 2024",https://product-images.metro.ca/images/h08/h02/11665339252766.jpg,https://www.metro.ca/en/online-grocery/search-page-142
DAINTY,Roasted Garlic And Olive Oil Cooked Rice,350 g,"$2.99
 ea.",,$0.85 /100g,,,https://product-images.metro.ca/images/hd1/h2a/10715306033182.jpg,https://www.metro.ca/en/online-grocery/search-page-142
SMOKY BAY,Australian Red Wine,1 L,"$13.49
 ea.",,$1.35 /100ml,"Regular price
$14.99  ea.","Valid until Feb 7, 2024",https://product-images.metro.ca/images/h45/h53/9519574384670.jpg,https://www.metro.ca/en/online-grocery/search-page-142
BETTY CROCKER,"Chocolate Frosting, Creamy Deluxe",450 g,"$2.00
 ea.",,$0.44 /100g,"Regular price
$2.99  ea.","Valid until Feb 7, 2024",,https://www.metro.ca/en/online-grocery/search-page-142
VH,"Sweet And Sour Cooking Sauce, Chinese",341 mL,"2 / 
$8.00",,$1.17 /100ml,"Regular price
$4.69  ea.","Valid until Jan 24, 2024",,https://www.metro.ca/en/online-grocery/search-page-142
MINUTE MAID,Grape Punch,10x200 mL,"$4.79
 ea.",,$0.24 /100ml,,,https://product-images.metro.ca/images/h50/h05/10495637258270.jpg,https://www.metro.ca/en/online-grocery/search-page-142
HELLMANN'S,Vegan Dressing And Sandwich Spread,710 mL,"$6.99
 ea.",,$0.98 /100ml,"Regular price
$8.49  ea.","Valid until Jan 24, 2024",https://product-images.metro.ca/images/h3d/h77/11351661543454.jpg,https://www.metro.ca/en/online-grocery/search-page-142
SWISS KNIGHT,Processed Cheese Spread With Gruyère,12x14.2 g,"$7.29
 ea.",,$4.29 /100g,,,https://product-images.metro.ca/images/h48/h27/11243922587678.jpg,https://www.metro.ca/en/online-grocery/search-page-142
SELECTION,Strawberry Flavoured Crispy Bars,125 g,"$2.79
 ea.",,$2.23 /100g,,,https://product-images.metro.ca/images/hc9/he6/10200535957534.jpg,https://www.metro.ca/en/online-grocery/search-page-142
IRRESISTIBLES,"Fig And Port Dried Sausage, Artisan",300 g,"2 / 
$19.99",,or $11.49 ea. $3.33 /100g,,"Valid until Jan 10, 2024",,https://www.metro.ca/en/online-grocery/search-page-142
GLACÉAU,"Vapour Distilled Water, Smartwater",1 L,"2 / 
$6.00",,$0.30 /100ml,"Regular price
$3.69  ea.","Valid until Feb 7, 2024",,https://www.metro.ca/en/online-grocery/search-page-142
CEDAR,Green Lentils Laird,907 g,"$4.49
 ea.",,$0.50 /100g,,,https://product-images.metro.ca/images/h43/h7f/9719521017886.jpg,https://www.metro.ca/en/online-grocery/search-page-143
IRRESISTIBLES,Strawberry And Banana Flavoured Smoothie,1.65 L,"$3.99
 ea.",,$0.24 /100ml,"Regular price
$4.99  ea.","Valid until Feb 14, 2024",https://product-images.metro.ca/images/h80/h2c/11696050438174.jpg,https://www.metro.ca/en/online-grocery/search-page-143
SELECTION,Tangerine And Lime Flavoured Sparkling Water,1 L,"$0.99
 ea.",,$0.10 /100ml,"Regular price
$1.19  ea.","Valid until Jan 10, 2024",https://product-images.metro.ca/images/hcc/h1d/11521239646238.jpg,https://www.metro.ca/en/online-grocery/search-page-143
IRRESISTIBLES,Balsamic Vinegar Of Modena,250 mL,"$10.99
 ea.",,$4.40 /100ml,,,https://product-images.metro.ca/images/h96/hb8/9458913214494.jpg,https://www.metro.ca/en/online-grocery/search-page-143
555,Basmati Rice,1 kg,"$6.29
 ea.",,$0.63 /100g,,,https://product-images.metro.ca/images/hfb/h5a/8896323551262.jpg,https://www.metro.ca/en/online-grocery/search-page-143
BUTTERBALL,"Whole Turkey, Cook From Frozen",3-5 kg,"$35.20
 avg. ea.","(4,000 g avg.)",$8.80 /kg$3.99 /lb.,"Regular price
$9.90  avg. kg","Valid until Jan 17, 2024",,https://www.metro.ca/en/online-grocery/search-page-143
PARNOOSH,Pitted Honey Dates,907 g,"$7.99
 ea.",,$0.88 /100g,,,https://product-images.metro.ca/images/h08/h58/11937072250910.jpg,https://www.metro.ca/en/online-grocery/search-page-143
LAFLEUR,Thick Sliced Original Fully Cooked Bacon,90 g,"$8.99
 ea.",,$9.99 /100g,"Regular price
$9.49  ea.","Valid until Jan 17, 2024",https://product-images.metro.ca/images/h67/h7d/11183485681694.jpg,https://www.metro.ca/en/online-grocery/search-page-143
INTERNATIONAL DELIGHT,French Vanilla Flavoured Coffee Enhancer,946 mL,"$5.79
 ea.",,$0.61 /100ml,"Regular price
$6.49  ea.","Valid until Feb 14, 2024",https://product-images.metro.ca/images/hb0/h58/11590600589342.jpg,https://www.metro.ca/en/online-grocery/search-page-143
TOSTITOS,Yellow Corn Tortilla Chips,240 g,"$5.49
 ea.",,$2.42 /100g,,,https://product-images.metro.ca/images/hc3/hf8/12279422091294.jpg,https://www.metro.ca/en/online-grocery/search-page-143
MCILHENNY CO.,"Original Pepper Sauce, Tabasco",142 mL,"$7.99
 ea.",,$5.63 /100ml,,,,https://www.metro.ca/en/online-grocery/search-page-143
KERRYGOLD,Dubliner Hard Cheese,198 g,"$8.49
 ea.",,$4.29 /100g,"Regular price
$8.99  ea.","Valid until Jan 17, 2024",https://product-images.metro.ca/images/h46/hf5/10344155250718.jpg,https://www.metro.ca/en/online-grocery/search-page-143
MARZETTI,Southwest Ranch Veggie Dip,340 g,"$4.99
 ea.",,$1.47 /100g,"Regular price
$5.99  ea.","Valid until Jan 17, 2024",https://product-images.metro.ca/images/he6/h5d/11693759430686.jpg,https://www.metro.ca/en/online-grocery/search-page-143
KASHI,"Toasted Berry Cereal, GOLEAN Crisp!",400 g,"$7.49
 ea.",,$1.87 /100g,,,,https://www.metro.ca/en/online-grocery/search-page-143
SELECTION,"Ginger Flavoured Soft Drink, Ginger Ale",2 L,"$2.29
 ea.",,$0.11 /100ml,,,,https://www.metro.ca/en/online-grocery/search-page-143
WHISKAS,"Chicken Flavoured Adult Cat Food, Meaty Selections",2 kg,"$10.49
 ea.",,$0.52 /100g,"Regular price
$11.49  ea.","Valid until Jan 24, 2024",,https://www.metro.ca/en/online-grocery/search-page-143
LACTANTIA,"3.25% Homogenized Milk, PurFiltre",1.5 L,"$5.29
 ea.",,$0.35 /100ml,,,,https://www.metro.ca/en/online-grocery/search-page-143
JELL-O,Fat Free Vanilla Instant Pudding,30 g,"$1.99
 ea.",,$6.63 /100g,,,https://product-images.metro.ca/images/h4a/h86/11250957680670.jpg,https://www.metro.ca/en/online-grocery/search-page-143
KAM,Luncheon Meat,340 g,"$5.79
 ea.",,$1.70 /100g,"Regular price
$6.79  ea.","Valid until Jan 24, 2024",https://product-images.metro.ca/images/hc4/h17/11590613565470.jpg,https://www.metro.ca/en/online-grocery/search-page-143
IRRESISTIBLES,"Low-Fat Italian Dressing, Life Smart",475 mL,"$2.99
 ea.",,$0.63 /100ml,"Regular price
$3.49  ea.","Valid until Jan 24, 2024",,https://www.metro.ca/en/online-grocery/search-page-143
BONNE MAMAN,Apricot Jam,250 mL,"$7.49
 ea.",,$3.00 /100ml,,,https://product-images.metro.ca/images/h30/hb8/8844847022110.jpg,https://www.metro.ca/en/online-grocery/search-page-143
OLIVIERI,Beef Tortellini,350 g,"$6.99
 ea.",,$2.00 /100g,,,https://product-images.metro.ca/images/he3/h2b/10727320158238.jpg,https://www.metro.ca/en/online-grocery/search-page-143
WONG WING,Frozen Mini Spring Rolls Variety Pack,360 g,"$8.99
 ea.",,$2.50 /100g,,,https://product-images.metro.ca/images/h2d/h02/11274330144798.jpg,https://www.metro.ca/en/online-grocery/search-page-143
JELL-O,Fat Free Chocolate Instant Pudding,40 g,"$1.99
 ea.",,$4.98 /100g,,,https://product-images.metro.ca/images/hd0/h61/9986855075870.jpg,https://www.metro.ca/en/online-grocery/search-page-143
METROGO!,4-Cut Vegetable Platter With Ranch Dip,,"$26.99
 ea.",,$1.42 /100g,,,https://product-images.metro.ca/images/h10/h24/8836994793502.jpg,https://www.metro.ca/en/online-grocery/search-page-143
CORONATION,Queen Olives,375 mL,"$3.99
 ea.",,$1.06 /100ml,,,https://product-images.metro.ca/images/h9d/ha2/10946101084190.jpg,https://www.metro.ca/en/online-grocery/search-page-143
TRUDEAU,Fresh Basil Pesto,142 g,"$5.99
 ea.",,$4.22 /100g,,,https://product-images.metro.ca/images/h97/hd9/11461723947038.jpg,https://www.metro.ca/en/online-grocery/search-page-143
CLUB HOUSE,Pure Almond Extract,43 mL,"$4.99
 ea.",,$11.60 /100ml,,,https://product-images.metro.ca/images/ha2/h60/10443191681054.jpg,https://www.metro.ca/en/online-grocery/search-page-143
LINDT,"Fruit And Nut Milk Chocolate Bar, Swiss Classic",100 g,"$3.49
 ea.",,$3.49 /100g,"Regular price
$3.99  ea.","Valid until Jan 24, 2024",,https://www.metro.ca/en/online-grocery/search-page-143
GLACÉAU VITAMINWATER,Energy Tropical Citrus Nutrient Enhanced Water Beverage,591 mL,"3 / 
$6.00",,$0.34 /100ml,"Regular price
$3.29  ea.","Valid until Feb 7, 2024",https://product-images.metro.ca/images/h28/h6c/11477785116702.jpg,https://www.metro.ca/en/online-grocery/search-page-143
ST-DONAT BAKERY,Strawberry Pie,620 g,"$11.49
 ea.",,$1.85 /100g,,,https://product-images.metro.ca/images/h7f/hf9/10239177654302.jpg,https://www.metro.ca/en/online-grocery/search-page-144
YVES VEGGIE CUISINE,Plant-Based Turkey,155 g,"2 / 
$9.00",,$2.90 /100g,"Regular price
$5.69  ea.","Valid until Jan 17, 2024",https://product-images.metro.ca/images/hc7/h2c/11849343664158.jpg,https://www.metro.ca/en/online-grocery/search-page-144
NUTS TO YOU NUT BUTTER,Smooth Almond Butter,365 g,"$11.99
 ea.",,$3.28 /100g,"Regular price
$12.99  ea.","Valid until Feb 7, 2024",https://product-images.metro.ca/images/h46/h56/11386218741790.jpg,https://www.metro.ca/en/online-grocery/search-page-144
KNORR,"Harvest Chicken Rice And Vermicelli Side Dish, Sidek...",133 g,"3 / 
$7.00",,$1.75 /100g,"Regular price
$2.79  ea.","Valid until Jan 24, 2024",,https://www.metro.ca/en/online-grocery/search-page-144
DOLE,Mixed Fruit In Cherry Gel Cups,4x123 g,"$4.49
 ea.",,$0.91 /100g,,,https://product-images.metro.ca/images/h34/h91/11816871100446.jpg,https://www.metro.ca/en/online-grocery/search-page-144
NICOLAS LALOUX,"Canadian White Wine, Les Chais 550",4 L,"$42.49
 ea.",,$1.06 /100ml,,,,https://www.metro.ca/en/online-grocery/search-page-144
KNORR,"Honey Garlic Noodles, Sidekicks",152 g,"3 / 
$7.00",,$1.54 /100g,"Regular price
$2.79  ea.","Valid until Jan 24, 2024",,https://www.metro.ca/en/online-grocery/search-page-144
HAIKU,Won Ton Soup,398 mL,"$4.39
 ea.",,$1.10 /100ml,"Regular price
$4.99  ea.","Valid until Jan 24, 2024",https://product-images.metro.ca/images/hbb/hf9/11307087921182.jpg,https://www.metro.ca/en/online-grocery/search-page-144
BUBLY,Grapefruit Flavoured Sparkling Water,12x355 mL - cans,"2 / 
$11.48",,or $6.49 ea. $0.13 /100ml,,"Valid until Feb 7, 2024",https://product-images.metro.ca/images/h2b/hbe/10135965794334.jpg,https://www.metro.ca/en/online-grocery/search-page-144
BETTY CROCKER,"Milk Chocolate Flavoured Frosting, Creamy Deluxe",450 g,"$2.00
 ea.",,$0.44 /100g,"Regular price
$2.99  ea.","Valid until Feb 7, 2024",,https://www.metro.ca/en/online-grocery/search-page-144
SAPPORO ICHIBAN,Original Flavoured Japanese Style Instant Noodle Soup,100 g,"$1.59
 ea.",,$1.59 /100g,,,https://product-images.metro.ca/images/hbb/h07/11281565941790.jpg,https://www.metro.ca/en/online-grocery/search-page-144
HERTEL,Pomegranate And Mango All-Purpose Cleaning Spray,700 ml,"$4.39
 ea.",,$0.63 /100ml,,,https://product-images.metro.ca/images/h87/h84/9521716690974.jpg,https://www.metro.ca/en/online-grocery/search-page-144
SNACK PACK,"Strawberry Orange Gel Snack Cups, Juicy Gels",4x99 g,"$2.99
 ea.",,$0.76 /100g,,,,https://www.metro.ca/en/online-grocery/search-page-144
SARA LEE,"Mini Blueberry Muffins, Little Bites",234 g,"2 / 
$8.00",,or $5.29 ea. $1.71 /100g,,"Valid until Feb 7, 2024",,https://www.metro.ca/en/online-grocery/search-page-144
MISS VICKIE'S,Original Recipe Kettle Cooked Chips,66 g,"$2.19
 ea.",,$3.32 /100g,,,https://product-images.metro.ca/images/hff/hac/11685131845662.jpg,https://www.metro.ca/en/online-grocery/search-page-144
AURORA,"Roasted Peppers, Peperoni Alla Griglia",340 mL,"$3.49
 ea.",,$1.03 /100g,,,,https://www.metro.ca/en/online-grocery/search-page-144
SMOKY BAY,Australian Red Wine,4 L,"$48.49
 ea.",,$1.21 /100ml,,,https://product-images.metro.ca/images/h50/h1a/9519162884126.jpg,https://www.metro.ca/en/online-grocery/search-page-144
POM,Ultra-Soft™ Submarine Rolls,6 rolls,"$5.99
 ea.",,$1.00 /un.,,,https://product-images.metro.ca/images/h0e/h2f/11642935672862.jpg,https://www.metro.ca/en/online-grocery/search-page-144
DOLE,Golden Pineapple Cups In Juice,4x107 ml,"$4.49
 ea.",,$1.05 /100ml,,,https://product-images.metro.ca/images/he0/h71/11477815099422.jpg,https://www.metro.ca/en/online-grocery/search-page-144
SKITTLES,Original Fruit Flavoured Candy,191 g,"$3.69
 ea.",,$1.93 /100g,"Regular price
$4.19  ea.","Valid until Jan 24, 2024",https://product-images.metro.ca/images/hc7/h2f/12050642042910.jpg,https://www.metro.ca/en/online-grocery/search-page-144
RISE KOMBUCHA,Organic Mint And Chlorophyll Sparkling Fermented Bev...,414 mL,"$3.69
 ea.",,$0.89 /100ml,"Regular price
$4.29  ea.","Valid until Feb 14, 2024",,https://www.metro.ca/en/online-grocery/search-page-144
LELARGE,Artichoke Hearts,398 mL,"$4.49
 ea.",,$1.13 /100ml,"Regular price
$4.99  ea.","Valid until Jan 24, 2024",https://product-images.metro.ca/images/hb0/hfd/9633836433438.jpg,https://www.metro.ca/en/online-grocery/search-page-144
CRUSH,Orange Flavoured Soft Drink,591 mL,"2 / 
$5.00",,$0.42 /100ml,"Regular price
$2.99  ea.","Valid until Jan 24, 2024",https://product-images.metro.ca/images/h96/h3a/10135773773854.jpg,https://www.metro.ca/en/online-grocery/search-page-144
DOLCE VENTI,Italian Red Wine,1 L,"$12.79
 ea.",,$1.28 /100ml,"Regular price
$14.49  ea.","Valid until Feb 7, 2024",https://product-images.metro.ca/images/h9b/h93/9742258110494.jpg,https://www.metro.ca/en/online-grocery/search-page-144
BLUE DRAGON,Vietnamese Dipping Sauce,190 mL,"$5.49
 ea.",,$2.89 /100ml,,,https://product-images.metro.ca/images/hcc/h6c/9529944834078.jpg,https://www.metro.ca/en/online-grocery/search-page-144
RAINCOAST CRISPS,Fig And Olive Crackers,150 g,"$5.99
 ea.",,$3.99 /100g,"Regular price
$7.99  ea.","Valid until Jan 24, 2024",https://product-images.metro.ca/images/h96/h53/10390733914142.jpg,https://www.metro.ca/en/online-grocery/search-page-144
SELECTION,Mayonnaise With Extra Virgin Olive Oil,750 mL,"$4.99
 ea.",,$0.67 /100ml,"Regular price
$5.49  ea.","Valid until Jan 24, 2024",https://product-images.metro.ca/images/h5d/h11/10184035631134.jpg,https://www.metro.ca/en/online-grocery/search-page-144
NATUR-A,Strawberry Flavoured Organic Fortified Soy Beverage,946 mL,"$3.49
 ea.",,$0.37 /100ml,,,https://product-images.metro.ca/images/h66/heb/12320449986590.jpg,https://www.metro.ca/en/online-grocery/search-page-144
FRISKIES,"Turkey In Gravy Wet Cat Food, Prime Filets",156 g,"$1.49
 ea.",,$0.96 /100g,,,,https://www.metro.ca/en/online-grocery/search-page-144
PLATINUM,AAA Platinum Angus Beef Ribsteak,,"$13.88
 avg. ea.",(450 g avg.),$30.84 /kg$13.99 /lb.,,,https://product-images.metro.ca/images/hf4/h03/8886592864286.jpg,https://www.metro.ca/en/online-grocery/search-page-144
NESTLÉ,"Mini Chocolate Bars, Kit Kat",180 g,"$5.79
 ea.",,$3.22 /100g,,,,https://www.metro.ca/en/online-grocery/search-page-145
NESTLÉ,"Chocolate Candies, Smarties",203 g,"$5.79
 ea.",,$2.85 /100g,,,,https://www.metro.ca/en/online-grocery/search-page-145
JELL-O,Strawberry Banana Jelly Powder,85 g,"$1.59
 ea.",,$1.87 /100g,,,https://product-images.metro.ca/images/h65/h40/9670302072862.jpg,https://www.metro.ca/en/online-grocery/search-page-145
SELECTION,Diced Clingstone Peaches In Light Syrup Snacks,4x107 mL,"$2.49
 ea.",,$0.58 /100ml,"Regular price
$3.29  ea.","Valid until Feb 7, 2024",https://product-images.metro.ca/images/h0e/h35/9992261238814.jpg,https://www.metro.ca/en/online-grocery/search-page-145
LECLERC,"Dark Chocolate Chip And Wild Blueberries Cookies, Pr...",210 g,"$3.69
 ea.",,$1.76 /100g,"Regular price
$4.99  ea.","Valid until Jan 24, 2024",,https://www.metro.ca/en/online-grocery/search-page-145
SELECTION,2-Ply Paper Towels,6x88 sheets,"$8.79
 ea.",,$1.66 /100sheet,,,https://product-images.metro.ca/images/h27/hf3/11511520133150.jpg,https://www.metro.ca/en/online-grocery/search-page-145
FLEISCHMANN'S,Traditional Active Dry Yeast,113 g,"$5.79
 ea.",,$5.12 /100g,,,https://product-images.metro.ca/images/h4e/h78/12050668978206.jpg,https://www.metro.ca/en/online-grocery/search-page-145
LA PARISIENNE,"Tranquilia™ Honey, Lotus And Bamboo Fabric Softener ...",80 sheets,"$5.49
 ea.",,$0.07 /load,,,,https://www.metro.ca/en/online-grocery/search-page-145
SELECTION,Peanut Oil,750 mL,"$9.99
 ea.",,$1.33 /100ml,,,https://product-images.metro.ca/images/ha4/hcc/10319467937822.jpg,https://www.metro.ca/en/online-grocery/search-page-145
AURORA,Tagliatelle Egg Pasta,250 g,"$3.79
 ea.",,$1.52 /100g,,,https://product-images.metro.ca/images/h81/h8a/11849382068254.jpg,https://www.metro.ca/en/online-grocery/search-page-145
IRRESISTIBLES,Big Seasoned Croutons,145 g,"$2.99
 ea.",,$2.06 /100g,"Regular price
$3.49  ea.","Valid until Jan 10, 2024",https://product-images.metro.ca/images/had/h71/8846306770974.jpg,https://www.metro.ca/en/online-grocery/search-page-145
AGROPUR SIGNATURE,Champfleury Soft Cheese,180 g,"$10.29
 ea.",,$5.72 /100g,,,https://product-images.metro.ca/images/h70/h7e/12050663505950.jpg,https://www.metro.ca/en/online-grocery/search-page-145
VH,Pad Thai Stir-Fry Sauce,355 mL,"2 / 
$8.00",,$1.13 /100ml,"Regular price
$4.99  ea.","Valid until Jan 24, 2024",https://product-images.metro.ca/images/h98/h00/9518860009502.jpg,https://www.metro.ca/en/online-grocery/search-page-145
PLAISIRS GASTRONOMIQUES,Frozen Chicken Meat Pie,850 g,"$13.99
 ea.",,$1.65 /100g,,,https://product-images.metro.ca/images/hfb/h4b/9529793282078.jpg,https://www.metro.ca/en/online-grocery/search-page-145
KELLOGG'S,"Red Berries Cereal Jumbo Size, Special K",700 g,"$10.99
 ea.",,$1.57 /100g,,,,https://www.metro.ca/en/online-grocery/search-page-145
TIDE,"Spring Meadow Laundry Detergent Packs, Pods",20 loads,"$7.49
 ea.",,$0.37 /load,"Regular price
$8.99  ea.","Valid until Feb 7, 2024",,https://www.metro.ca/en/online-grocery/search-page-145
PRANA,Organic White Chia Seeds,300 g,"$8.29
 ea.",,$2.76 /100g,,,https://product-images.metro.ca/images/hfe/h59/11816864710686.jpg,https://www.metro.ca/en/online-grocery/search-page-145
YVES VEGGIE CUISINE,Falafel Balls,240 g,"$6.99
 ea.",,$2.91 /100g,,,https://product-images.metro.ca/images/h72/h80/9522060820510.jpg,https://www.metro.ca/en/online-grocery/search-page-145
LECLERC,"Ginger Cookies, Praeventia",210 g,"$3.69
 ea.",,$1.76 /100g,"Regular price
$4.99  ea.","Valid until Jan 24, 2024",,https://www.metro.ca/en/online-grocery/search-page-145
PREMIÈRE MOISSON,Black Forest Ham,,"$4.39
 / 100 g",,$43.90 /kg$19.91 /lb.,,,https://product-images.metro.ca/images/h7f/hfa/9961686204446.jpg,https://www.metro.ca/en/online-grocery/search-page-145
YVES VEGGIE CUISINE,Plant-Based Ground Round,1248 g,"$14.99
 ea.",,$1.20 /100g,,,https://product-images.metro.ca/images/h71/hdc/11849414213662.jpg,https://www.metro.ca/en/online-grocery/search-page-145
COMMENSAL,Leek And White Bean Soup,600 mL,"$7.79
 ea.",,$1.30 /100ml,,,https://product-images.metro.ca/images/h17/hdd/10308020207646.jpg,https://www.metro.ca/en/online-grocery/search-page-145
KIJU,Pomegranate Cherry Juice,1 L,"$3.99
 ea.",,$0.40 /100ml,,,https://product-images.metro.ca/images/had/hc6/9823778603038.jpg,https://www.metro.ca/en/online-grocery/search-page-145
OASIS,"Fruit And Vegetable Juice, Deliciously Orange",960 mL,"$2.39
 ea.",,$0.25 /100ml,,,,https://www.metro.ca/en/online-grocery/search-page-145
FONTAINE SANTÉ,"Sriracha Hummus, Humm!",227 g,"$4.99
 ea.",,$2.20 /100g,"Regular price
$5.29  ea.","Valid until Jan 17, 2024",,https://www.metro.ca/en/online-grocery/search-page-145
SELECTION,Butter Flavoured Pop Corn,564 g,"$4.79
 ea.",,$0.85 /100g,,,https://product-images.metro.ca/images/hf7/h8f/8825043157022.jpg,https://www.metro.ca/en/online-grocery/search-page-145
LE GREC,Original Creamy Salad Dressing,350 mL,"$3.99
 ea.",,$1.14 /100ml,"Regular price
$4.79  ea.","Valid until Jan 24, 2024",https://product-images.metro.ca/images/h76/h53/10498119204894.jpg,https://www.metro.ca/en/online-grocery/search-page-145
SELECTION,Sundried Tomato & Basil Flaked Light Tuna,85 g,"$1.39
 ea.",,$1.64 /100g,"Regular price
$1.99  ea.","Valid until Jan 24, 2024",https://product-images.metro.ca/images/h42/hd3/9518878785566.jpg,https://www.metro.ca/en/online-grocery/search-page-145
IRRESISTIBLES,"Fat-Free Honey Dijon Dressing, Life Smart",475 mL,"$2.99
 ea.",,$0.63 /100ml,"Regular price
$3.49  ea.","Valid until Jan 24, 2024",,https://www.metro.ca/en/online-grocery/search-page-145
CIRIO,Passata Verace Strained Tomatoes,680 mL,"$4.69
 ea.",,$0.69 /100g,,,https://product-images.metro.ca/images/he8/hf1/9703029800990.jpg,https://www.metro.ca/en/online-grocery/search-page-145
SELECTION,Frozen Green Peas,2 kg,"$6.49
 ea.",,$0.32 /100g,,,https://product-images.metro.ca/images/hdf/he4/9658141311006.jpg,https://www.metro.ca/en/online-grocery/search-page-146
LYSOL,Summer Fresh™ Bathroom Cleaning Spray,950 mL,"$3.99
 ea.",,$0.42 /100ml,"Regular price
$5.99  ea.","Valid until Feb 7, 2024",https://product-images.metro.ca/images/h3f/h20/10180377215006.jpg,https://www.metro.ca/en/online-grocery/search-page-146
BAKER'S,"White Baking Chocolate Squares, Premium",170 g,"$6.49
 ea.",,$3.82 /100g,,,,https://www.metro.ca/en/online-grocery/search-page-146
SELECTION,Light Strawberry Spread,500 mL,"$3.99
 ea.",,$0.80 /100ml,"Regular price
$4.79  ea.","Valid until Feb 7, 2024",https://product-images.metro.ca/images/h9f/h26/9098476388382.jpg,https://www.metro.ca/en/online-grocery/search-page-146
LAURA SECORD,Dark Chocolate Spread,600 g,"$6.99
 ea.",,$1.17 /100g,,,https://product-images.metro.ca/images/h74/h3e/9522672959518.jpg,https://www.metro.ca/en/online-grocery/search-page-146
BON MATIN,"12 Grains Sliced Bread, La Mie De L'Artisan",700 g,"$6.49
 ea.",,$0.93 /100g,,,,https://www.metro.ca/en/online-grocery/search-page-146
TORO LOCO,Spanish Red Wine,1 L,"$13.99
 ea.",,$1.40 /100ml,,,https://product-images.metro.ca/images/hc8/h8c/12007218610206.jpg,https://www.metro.ca/en/online-grocery/search-page-146
SCRUBBING BUBBLES,Bathroom Cleaning Spray With Bleach,950 ml,"$6.79
 ea.",,$0.71 /100ml,,,https://product-images.metro.ca/images/he2/hea/10778547290142.jpg,https://www.metro.ca/en/online-grocery/search-page-146
CAMPBELL'S,30% Less Sodium Thai Chicken Broth,900 mL,"$2.99
 ea.",,$0.33 /100ml,,,https://product-images.metro.ca/images/hcb/h2f/11947710742558.jpg,https://www.metro.ca/en/online-grocery/search-page-146
SYLVANIA,8.5 Watts Soft White A19 LED Lightbulb,1 un,"$5.69
 ea.",,$5.69 /un.,,,https://product-images.metro.ca/images/hf1/hd5/8882241241118.jpg,https://www.metro.ca/en/online-grocery/search-page-146
LECLERC,"Chocolate Coated S'Mores Chewy Bars, Choco Max",175 g,"$1.77
 ea.",,$1.01 /100g,"Regular price
$3.79  ea.","Valid until Jan 10, 2024",,https://www.metro.ca/en/online-grocery/search-page-146
WHISKAS,"Chicken Flavoured Cat Paté, Perfect Portions",75 g,"3 / 
$4.00",,$1.78 /100g,"Regular price
$1.79  ea.","Valid until Jan 24, 2024",,https://www.metro.ca/en/online-grocery/search-page-146
GARDEIN,Frozen Chipotle-Lime Plant-Based Crispy Fingers,270 g,"$6.99
 ea.",,$2.59 /100g,"Regular price
$7.49  ea.","Valid until Feb 14, 2024",https://product-images.metro.ca/images/he8/h24/11432763981854.jpg,https://www.metro.ca/en/online-grocery/search-page-146
O-LIVE & CO.,Extra Virgin Olive Oil,1 L,"$19.99
 ea.",,$2.00 /100ml,,,https://product-images.metro.ca/images/h87/hc8/9532995141662.jpg,https://www.metro.ca/en/online-grocery/search-page-146
KASHI,"Original Cereal, GOLEAN",370 g,"$7.49
 ea.",,$2.02 /100g,,,,https://www.metro.ca/en/online-grocery/search-page-146
FLATOUT,"Flatbread Core 12, ProteinUP Carb Down",5x285 g,"$5.19
 ea.",,$1.82 /100g,,,,https://www.metro.ca/en/online-grocery/search-page-146
LA PARISIENNE,Sunshine Liquid Laundry Detergent,64 loads-2.56 L,"$10.49
 ea.",,$0.16 /load,,,https://product-images.metro.ca/images/haf/h85/9146396475422.jpg,https://www.metro.ca/en/online-grocery/search-page-146
LACTANTIA,5% Crémette,473 mL,"$4.49
 ea.",,$0.95 /100ml,,,https://product-images.metro.ca/images/hc9/h24/11307062296606.jpg,https://www.metro.ca/en/online-grocery/search-page-146
BLUEWATER SEAFOODS,Frozen Breaded Haddock Fish Sticks,350 g,"$8.99
 ea.",,$2.57 /100g,"Regular price
$12.99  ea.","Valid until Jan 10, 2024",https://product-images.metro.ca/images/hd9/hfa/12048162095134.jpg,https://www.metro.ca/en/online-grocery/search-page-146
METROGO!,Celery Sticks,,"$3.99
 ea.",,$1.95 /100g,,,https://product-images.metro.ca/images/hf6/hba/9014651813918.jpg,https://www.metro.ca/en/online-grocery/search-page-146
M'LORD,Snails,115 g,"$3.99
 ea.",,$3.47 /100g,,,https://product-images.metro.ca/images/hdc/h6b/11307086643230.jpg,https://www.metro.ca/en/online-grocery/search-page-146
WEIGHT WATCHERS,"Signature Fettucine Alfredo, Smart Ones",262 g,"3 / 
$10.00",,$1.27 /100g,"Regular price
$4.49  ea.","Valid until Feb 14, 2024",,https://www.metro.ca/en/online-grocery/search-page-146
IRRESISTIBLES,Pine Nuts,125 g,"$12.99
 ea.",,$10.39 /100g,,,https://product-images.metro.ca/images/h49/h3b/9062679248926.jpg,https://www.metro.ca/en/online-grocery/search-page-146
DARE,"Banana Bread Soft Cookies, Bear Paws",480 g,"$4.49
 ea.",,$0.94 /100g,"Regular price
$7.29  ea.","Valid until Jan 10, 2024",,https://www.metro.ca/en/online-grocery/search-page-146
CAMPBELL'S,"Tomato Basil Bisque, Everyday Gourmet",500 mL,"$3.49
 ea.",,$0.70 /100ml,"Regular price
$4.29  ea.","Valid until Jan 24, 2024",,https://www.metro.ca/en/online-grocery/search-page-146
IRRESISTIBLES,Diet Cranberry And Raspberry Cocktail,1.89 L,"$4.49
 ea.",,$0.24 /100ml,"Regular price
$4.99  ea.","Valid until Jan 24, 2024",https://product-images.metro.ca/images/h88/hab/10946092433438.jpg,https://www.metro.ca/en/online-grocery/search-page-146
SUNRISE,Almond Flavoured Dessert Tofu,2x150 g,"$1.99
 ea.",,$0.66 /100g,,,https://product-images.metro.ca/images/hc6/had/9518649245726.jpg,https://www.metro.ca/en/online-grocery/search-page-146
,"Apple, Fuji",,"$1.05
 avg. ea.",(160 g avg.),$6.59 /kg$2.99 /lb.,,,,https://www.metro.ca/en/online-grocery/search-page-146
NESTLÉ,"Coffee Flavoured Chocolate Bar, Coffee Crisp",75 g,"$2.29
 ea.",,$3.05 /100g,,,,https://www.metro.ca/en/online-grocery/search-page-146
ST-DONAT BAKERY,Raspberry Pie,620 g,"$11.99
 ea.",,$1.93 /100g,,,https://product-images.metro.ca/images/hae/h68/9773806747678.jpg,https://www.metro.ca/en/online-grocery/search-page-146
DAD'S,Classic Oatmeal Cookies,520 g,"$4.49
 ea.",,$0.86 /100g,"Regular price
$5.99  ea.","Valid until Jan 10, 2024",https://product-images.metro.ca/images/h95/h52/10407557627934.jpg,https://www.metro.ca/en/online-grocery/search-page-147
WHISKAS,"Beef Flavoured Cat Paté, Perfect Portions",75 g,"3 / 
$4.00",,$1.78 /100g,"Regular price
$1.79  ea.","Valid until Jan 24, 2024",,https://www.metro.ca/en/online-grocery/search-page-147
BERTOLLI,Red Wine Vinegar,500 mL,"$4.99
 ea.",,$1.00 /100ml,,,https://product-images.metro.ca/images/h8e/hfd/10893956055070.jpg,https://www.metro.ca/en/online-grocery/search-page-147
KELLOGG'S,"Cereal Jumbo Size, Frosted Flakes",1.06 kg,"$8.49
 ea.",,$0.80 /100g,,,,https://www.metro.ca/en/online-grocery/search-page-147
MINUTE RICE,Ready-To-Serve Oriental Style Rice,2x125 g,"2 / 
$5.50",,$1.10 /100g,"Regular price
$3.29  ea.","Valid until Jan 24, 2024",https://product-images.metro.ca/images/h4d/h72/10685958684702.jpg,https://www.metro.ca/en/online-grocery/search-page-147
NEAL BROTHERS,Organic Medium Salsa,410 mL,"$6.49
 ea.",,$1.58 /100ml,,,https://product-images.metro.ca/images/hec/h51/9519222325278.jpg,https://www.metro.ca/en/online-grocery/search-page-147
METROGO!,Salmon Fillet With Brie Cheese And Cranberries,,"$9.25
 avg. ea.",(200 g avg.),$46.27 /kg$20.99 /lb.,,,https://product-images.metro.ca/images/ha2/h03/11931010793502.jpg,https://www.metro.ca/en/online-grocery/search-page-147
METROGO!,Traditionally Smoked Salmon Rillette,4 rillettes per tray,"$12.34
 avg. ea.",(280 g avg.),$44.07 /kg$19.99 /lb.,,,https://product-images.metro.ca/images/h94/hb0/12216224383006.jpg,https://www.metro.ca/en/online-grocery/search-page-147
UNICO,Superfino Arborio Rice,750 g,"$5.49
 ea.",,$0.73 /100g,,,https://product-images.metro.ca/images/hec/hb5/11401366667294.jpg,https://www.metro.ca/en/online-grocery/search-page-147
THREE GOURMET PIGS,Black Pudding,110 g,"$3.49
 ea.",,$3.49 /100g,,,https://product-images.metro.ca/images/h70/hcb/10278177341470.jpg,https://www.metro.ca/en/online-grocery/search-page-147
ARM & HAMMER,Baking Soda,2 kg,"$5.79
 ea.",,$0.29 /100g,,,https://product-images.metro.ca/images/h9e/he4/11022101020702.jpg,https://www.metro.ca/en/online-grocery/search-page-147
HEALTHY CHOICE,"Sweet Sesame Chicken, Gourmet Steamers",292 g,"$5.99
 ea.",,$2.05 /100g,,,,https://www.metro.ca/en/online-grocery/search-page-147
SELECTION,Mandarin And Orange Flavoured Sparkling Water,1 L,"$0.99
 ea.",,$0.10 /100ml,"Regular price
$1.19  ea.","Valid until Jan 10, 2024",https://product-images.metro.ca/images/hb9/h81/10108976824350.jpg,https://www.metro.ca/en/online-grocery/search-page-147
OCEAN SPRAY,White Cranberry Juice,1.77 L,"$6.29
 ea.",,$0.36 /100ml,,,https://product-images.metro.ca/images/h3a/h21/10225192927262.jpg,https://www.metro.ca/en/online-grocery/search-page-147
SELECTION,Mushroom Sauce,284 mL,"$2.19
 ea.",,$0.77 /100ml,,,https://product-images.metro.ca/images/h6d/h82/11198071439390.jpg,https://www.metro.ca/en/online-grocery/search-page-147
MONTELLIER,Carbonated Natural Spring Water,10x355 mL,"$6.99
 ea.",,$0.20 /100ml,,,https://product-images.metro.ca/images/h57/h79/11535835299870.jpg,https://www.metro.ca/en/online-grocery/search-page-147
BUBLY,Strawberry Flavoured Sparkling Water,12x355 mL - cans,"2 / 
$11.48",,or $6.49 ea. $0.13 /100ml,,"Valid until Feb 7, 2024",https://product-images.metro.ca/images/hf5/he1/10135963926558.jpg,https://www.metro.ca/en/online-grocery/search-page-147
MAGNUM,Classic Ice Cream Bars,3x100 mL,"$7.99
 ea.",,$2.66 /100ml,,,https://product-images.metro.ca/images/he9/h6b/11397210308638.jpg,https://www.metro.ca/en/online-grocery/search-page-147
CORDON BLEU,Demi-Glace Sauce,284 mL,"$2.49
 ea.",,$0.88 /100ml,"Regular price
$3.79  ea.","Valid until Jan 10, 2024",https://product-images.metro.ca/images/h3e/h29/11281590059038.jpg,https://www.metro.ca/en/online-grocery/search-page-147
CLOVER LEAF,Whole Yellow Baby Clams In Water,142 g,"$3.79
 ea.",,$2.67 /100g,,,https://product-images.metro.ca/images/h2c/h86/11675983282206.jpg,https://www.metro.ca/en/online-grocery/search-page-147
PILAROS,Green Olives Stuffed With Almonds,1 L,"$10.49
 ea.",,$1.05 /100ml,"Regular price
$11.99  ea.","Valid until Jan 24, 2024",https://product-images.metro.ca/images/h18/h1c/11665333649438.jpg,https://www.metro.ca/en/online-grocery/search-page-147
LE GREC,Caesar Salad Dressing,350 mL,"$3.99
 ea.",,$1.14 /100ml,"Regular price
$4.79  ea.","Valid until Jan 24, 2024",https://product-images.metro.ca/images/hd0/he0/9836241616926.jpg,https://www.metro.ca/en/online-grocery/search-page-147
SUNRYPE,"Apple Strawberry Banana Carrot Fruit Snack, Fruit To Go",14 g,"5 / 
$3.00",,$4.29 /100g,,,,https://www.metro.ca/en/online-grocery/search-page-147
BLUEWATER SEAFOODS,Frozen Breaded Sole Fish Sticks,350 g,"$8.99
 ea.",,$2.57 /100g,"Regular price
$12.99  ea.","Valid until Jan 10, 2024",https://product-images.metro.ca/images/h32/hbd/12048164192286.jpg,https://www.metro.ca/en/online-grocery/search-page-147
GOOD THINS,Gluten Free Multigrain Rice Crackers,100 g,"$4.99
 ea.",,$4.99 /100g,,,https://product-images.metro.ca/images/h42/h06/9719661002782.jpg,https://www.metro.ca/en/online-grocery/search-page-147
CATELLI,"Sun-Dried Tomato & Basil Spaghettini, Bistro",375 g,"$3.99
 ea.",,$1.06 /100g,,,,https://www.metro.ca/en/online-grocery/search-page-147
BETTY CROCKER,Disney Frozen Themed Fruit Flavoured Snacks,226 g,"2 / 
$7.00",,$1.55 /100g,"Regular price
$4.99  ea.","Valid until Feb 7, 2024",https://product-images.metro.ca/images/hef/h4d/11714250473502.jpg,https://www.metro.ca/en/online-grocery/search-page-147
CESAR,Entrées With Beef For Small Dogs,100 g,"$1.99
 ea.",,$1.99 /100g,"Regular price
$2.19  ea.","Valid until Jan 24, 2024",https://product-images.metro.ca/images/h0c/h28/9518075805726.jpg,https://www.metro.ca/en/online-grocery/search-page-147
BRISK,Raspberry Flavoured Iced Tea,710 mL,"$1.29
 ea.",,$0.18 /100ml,,,https://product-images.metro.ca/images/he9/hab/10139438448670.jpg,https://www.metro.ca/en/online-grocery/search-page-147
WERTHER'S ORIGINAL,Caramel Popcorn,170 g,"$4.49
 ea.",,$2.64 /100g,"Regular price
$5.29  ea.","Valid until Jan 24, 2024",https://product-images.metro.ca/images/hae/h37/12240722427934.jpg,https://www.metro.ca/en/online-grocery/search-page-147
SELECTION,Toffee Peanuts,750 g,"$5.99
 ea.",,$0.80 /100g,"Regular price
$6.49  ea.","Valid until Jan 24, 2024",https://product-images.metro.ca/images/hfa/h15/11521245577246.jpg,https://www.metro.ca/en/online-grocery/search-page-148
PASTENE,Balsamic Vinegar Of Modena,500 mL,"$5.79
 ea.",,$1.16 /100ml,,,https://product-images.metro.ca/images/hde/hbc/12122151551006.jpg,https://www.metro.ca/en/online-grocery/search-page-148
HOUSE FOODS,Shirataki Tofu Fettuccine,226 g,"$2.99
 ea.",,$1.32 /100g,,,https://product-images.metro.ca/images/hf4/had/11461744656414.jpg,https://www.metro.ca/en/online-grocery/search-page-148
BOOST,"Chocolate Flavoured Meal Replacement, High Protein",6x237 mL,"$14.99
 ea.",,$1.05 /100ml,"Regular price
$17.99  ea.","Valid until Feb 7, 2024",,https://www.metro.ca/en/online-grocery/search-page-148
GLAD,Fresh Clean Scented Tall White Garbage Bags,30 un,"$6.99
 ea.",,$0.23 /un.,"Regular price
$7.99  ea.","Valid until Feb 7, 2024",https://product-images.metro.ca/images/h9d/ha6/10020515577886.jpg,https://www.metro.ca/en/online-grocery/search-page-148
,Cheese Ficelle Breads,6x65 g,"$6.79
 ea.",,$1.74 /100g,,,https://product-images.metro.ca/images/h50/h08/8861131374622.jpg,https://www.metro.ca/en/online-grocery/search-page-148
FRISKIES,"Chicken In Gravy Wet Cat Food, Prime Filets",156 g,"$1.49
 ea.",,$0.96 /100g,,,,https://www.metro.ca/en/online-grocery/search-page-148
,"Pepper Steaks, Brown And Serve",2 steaks per tray,"$8.26
 avg. ea.",(300 g avg.),$27.54 /kg$12.49 /lb.,"Regular price
$29.08  avg. kg","Valid until Jan 10, 2024",https://product-images.metro.ca/images/h18/h5b/8886580051998.jpg,https://www.metro.ca/en/online-grocery/search-page-148
DEL MONTE,Whole Green Beans,398 mL,"$2.99
 ea.",,$0.75 /100ml,,,https://product-images.metro.ca/images/ha3/h11/10081793212446.jpg,https://www.metro.ca/en/online-grocery/search-page-148
FROMAGERIE PERRON,4 Years Doyen Cheddar Cheese,170 g,"$10.29
 ea.",,$6.05 /100g,"Regular price
$11.49  ea.","Valid until Jan 17, 2024",https://product-images.metro.ca/images/h99/h5f/10239119228958.jpg,https://www.metro.ca/en/online-grocery/search-page-148
SAPPORO,Japanese Lager Beer,12x355 mL - cans,"$22.99
 ea.",,$0.54 /100ml,"Regular price
$23.99  ea.","Valid until Jan 10, 2024",https://product-images.metro.ca/images/h42/h6f/11590626574366.jpg,https://www.metro.ca/en/online-grocery/search-page-148
METROGO!,"Chicken Fried Rice, Value Pack",,"$18.79
 avg. ea.","(1,050 g avg.)",$17.90 /kg$8.12 /lb.,,,,https://www.metro.ca/en/online-grocery/search-page-148
OCEAN SPRAY,"Original Dried Cranberries, Craisins",170 g,"$2.99
 ea.",,$1.76 /100g,"Regular price
$3.49  ea.","Valid until Jan 17, 2024",,https://www.metro.ca/en/online-grocery/search-page-148
POGO,Frozen Original Cooked Weiners On A Stick,"4 wieners, 300 g","$5.99
 ea.",,$2.00 /100g,,,https://product-images.metro.ca/images/h52/h61/9526408249374.jpg,https://www.metro.ca/en/online-grocery/search-page-148
KNORR,Cream Of Mushroom Soup Mix,1 un,"$2.49
 ea.",,$2.49 /un.,,,https://product-images.metro.ca/images/he4/h22/11728535060510.jpg,https://www.metro.ca/en/online-grocery/search-page-148
TETLEY,Orange Pekoe Tea,36 un,"$4.29
 ea.",,$0.12 /un.,,,https://product-images.metro.ca/images/h0d/h05/9519000059934.jpg,https://www.metro.ca/en/online-grocery/search-page-148
,Oatmeal Cookies,15x39 g,"$7.79
 ea.",,$1.33 /100g,,,https://product-images.metro.ca/images/h83/h33/9093992611870.jpg,https://www.metro.ca/en/online-grocery/search-page-148
GATORADE,"Arctic Blitz Flavoured Sport Drink Beverage, Frost",6x591 mL,"$5.99
 ea.",,$0.17 /100ml,"Regular price
$7.99  ea.","Valid until Jan 10, 2024",,https://www.metro.ca/en/online-grocery/search-page-148
POWERADE,"Melon & Pineapple Flavoured Sports Drink, XIon4",710 mL,"2 / 
$4.00",,$0.28 /100ml,"Regular price
$2.49  ea.","Valid until Jan 24, 2024",,https://www.metro.ca/en/online-grocery/search-page-148
SCRUBBING BUBBLES,Glade™ Rainshower Shower Foaming Cleaning Spray,946 ml,"$6.79
 ea.",,$0.72 /100ml,,,https://product-images.metro.ca/images/h14/h73/11761456185374.jpg,https://www.metro.ca/en/online-grocery/search-page-148
BUTTERBALL,Bacon Style Turkey Breast,375 g,"$7.99
 ea.",,$2.13 /100g,,,https://product-images.metro.ca/images/h08/hce/10443180867614.jpg,https://www.metro.ca/en/online-grocery/search-page-148
IRRESISTIBLES,Devon Custard,400 g,"$3.49
 ea.",,$0.87 /100g,,,https://product-images.metro.ca/images/h0c/h00/11521173749790.jpg,https://www.metro.ca/en/online-grocery/search-page-148
GRIZZLY,Frozen Sliced Smoked Coho Salmon,170 g,"$17.99
 ea.",,$10.58 /100g,,,https://product-images.metro.ca/images/h8f/h37/10319451389982.jpg,https://www.metro.ca/en/online-grocery/search-page-148
NATURAL HONEY FARMS,Pasteurized Liquid Honey,750 g,"$11.99
 ea.",,$1.60 /100g,,,https://product-images.metro.ca/images/hee/h13/11432729182238.jpg,https://www.metro.ca/en/online-grocery/search-page-148
IRRESISTIBLES,Classic Green Tea Bags,48 un,"$3.29
 ea.",,$0.07 /un.,"Regular price
$4.19  ea.","Valid until Feb 7, 2024",https://product-images.metro.ca/images/ha2/h05/8887176658974.jpg,https://www.metro.ca/en/online-grocery/search-page-148
MICHELINA'S,Frozen Penne Primavera,255 g,"2 / 
$5.00",,$0.98 /100g,"Regular price
$3.69  ea.","Valid until Feb 14, 2024",https://product-images.metro.ca/images/hd6/h31/11760046342174.jpg,https://www.metro.ca/en/online-grocery/search-page-148
HIGH LINER,Frozen Beer Battered Fish Fillets,500 g,"$8.99
 ea.",,$1.80 /100g,"Regular price
$12.99  ea.","Valid until Jan 17, 2024",https://product-images.metro.ca/images/h59/he0/11188461600798.jpg,https://www.metro.ca/en/online-grocery/search-page-148
POWERADE,"Orange & Tangerine Flavoured Sports Drink, Xion4",710 mL,"2 / 
$4.00",,$0.28 /100ml,"Regular price
$2.49  ea.","Valid until Jan 24, 2024",,https://www.metro.ca/en/online-grocery/search-page-148
KERRYGOLD,Reserve Cheddar Cheese Aged 2 Years,198 g,"$8.49
 ea.",,$4.29 /100g,"Regular price
$8.99  ea.","Valid until Jan 17, 2024",https://product-images.metro.ca/images/h32/he4/11204997283870.jpg,https://www.metro.ca/en/online-grocery/search-page-148
METROGO!,Alfredo Mussels,,"$7.04
 avg. ea.",(400 g avg.),$17.61 /kg$7.99 /lb.,,,https://product-images.metro.ca/images/h24/h6f/11930968686622.jpg,https://www.metro.ca/en/online-grocery/search-page-148
FINISH,"Quantum Dishwasher Rinse Agent, JetDry",500 mL,"$10.99
 ea.",,$2.20 /100ml,"Regular price
$12.99  ea.","Valid until Feb 7, 2024",,https://www.metro.ca/en/online-grocery/search-page-149
LOACKER,Vanilla Cream Filled Crispy Wafers,175 g,"$3.99
 ea.",,$2.28 /100g,,,https://product-images.metro.ca/images/h7c/h8a/10287053537310.jpg,https://www.metro.ca/en/online-grocery/search-page-149
BOLTHOUSE FARMS,Blue Goodness® Fruit Juice Smoothie,946 mL,"$6.99
 ea.",,$0.74 /100ml,,,https://product-images.metro.ca/images/ha4/h03/11754041573406.jpg,https://www.metro.ca/en/online-grocery/search-page-149
CHEF GEORGES,Rillettes Du Mans,100 g,"$5.99
 ea.",,$5.99 /100g,,,https://product-images.metro.ca/images/hc8/hf3/11267548938270.jpg,https://www.metro.ca/en/online-grocery/search-page-149
METROGO!,Cajun Chicken Pasta Salad,,"$5.68
 avg. ea.",(190 g avg.),$29.90 /kg$13.56 /lb.,,,https://product-images.metro.ca/images/h02/h3b/11926697672734.jpg,https://www.metro.ca/en/online-grocery/search-page-149
LA FROMAGÈRE,Original Parmesan Cheese Fondue,480 g,"$8.79
 ea.",,$1.83 /100g,"Regular price
$9.19  ea.","Valid until Jan 17, 2024",https://product-images.metro.ca/images/ha3/h98/10308057759774.jpg,https://www.metro.ca/en/online-grocery/search-page-149
SELECTION,Design Paper Bowls - 20oz,24 un,"$6.39
 ea.",,$0.27 /un.,,,https://product-images.metro.ca/images/ha2/hcb/8808701296670.jpg,https://www.metro.ca/en/online-grocery/search-page-149
VILEDA,Soft Scrub Sponge,3 un,"$3.49
 ea.",,$1.16 /un.,,,https://product-images.metro.ca/images/h2f/hdc/11937038827550.jpg,https://www.metro.ca/en/online-grocery/search-page-149
RIO MARE,Solid White Tuna In Water,3x80 g,"$8.99
 ea.",,$3.75 /100g,,,https://product-images.metro.ca/images/ha0/h08/10486516711454.jpg,https://www.metro.ca/en/online-grocery/search-page-149
SELECTION,Blanched Ground Almonds,100 g,"$4.19
 ea.",,$4.19 /100g,,,https://product-images.metro.ca/images/h3c/ha4/10715311177758.jpg,https://www.metro.ca/en/online-grocery/search-page-149
IRRESISTIBLES,"Frozen Pecan, Caramel And Chocolate New York Style C...",600 g (serves 6),"$15.49
 ea.",,$2.58 /100g,"Regular price
$17.49  ea.","Valid until Jan 10, 2024",,https://www.metro.ca/en/online-grocery/search-page-149
NESCAFÉ,"Original Coffee Mix, Gold",8x14 g,"$7.29
 ea.",,$6.51 /100g,,,,https://www.metro.ca/en/online-grocery/search-page-149
CATELLI,Whole Wheat Linguine,375 g,"$3.99
 ea.",,$1.06 /100g,,,https://product-images.metro.ca/images/hf7/h2c/12174901215262.jpg,https://www.metro.ca/en/online-grocery/search-page-149
GARDEIN,"Frozen Beefless Ground, The Ultimate",390 g,"$6.99
 ea.",,$1.79 /100g,"Regular price
$7.49  ea.","Valid until Feb 14, 2024",,https://www.metro.ca/en/online-grocery/search-page-149
METROGO!,Stew And Meat Pie Plate,,"$6.79
 avg. ea.",(325 g avg.),$20.90 /kg$9.48 /lb.,"Regular price
$21.90  avg. kg","Valid until Jan 17, 2024",https://product-images.metro.ca/images/h6d/hd1/11979609997342.jpg,https://www.metro.ca/en/online-grocery/search-page-149
HERDEZ,Hot Homemade Style Green Salsa,453 g,"$4.99
 ea.",,$1.10 /100g,,,https://product-images.metro.ca/images/h2f/hc0/11860671823902.jpg,https://www.metro.ca/en/online-grocery/search-page-149
S SENSE,Mint Velvet Herbal Tea Bags,10 un,"$2.29
 ea.",,$0.02 /un.,"Regular price
$2.79  ea.","Valid until Feb 7, 2024",https://product-images.metro.ca/images/hf1/ha5/12263417741342.jpg,https://www.metro.ca/en/online-grocery/search-page-149
FORTIN,Pearl Barley,450 g,"$2.29
 ea.",,$0.51 /100g,,,https://product-images.metro.ca/images/hb4/h45/8917194440734.jpg,https://www.metro.ca/en/online-grocery/search-page-149
SELECTION,Havarti Cheese Slices,11 slices,"$6.29
 ea.",,$3.00 /100g,,,https://product-images.metro.ca/images/h48/h16/10367615270942.jpg,https://www.metro.ca/en/online-grocery/search-page-149
SELECTION,"Diet Soft Drink, Red Cola",2 L,"$2.29
 ea.",,$0.11 /100ml,,,,https://www.metro.ca/en/online-grocery/search-page-149
WONG WING,Frozen Sweet And Sour Chicken,"2 servings, 400 g","$8.99
 ea.",,$2.25 /100g,,,https://product-images.metro.ca/images/h26/h4c/11374755840030.jpg,https://www.metro.ca/en/online-grocery/search-page-149
SELECTION,Beef Bouillon Concentrate,500 mL,"$5.49
 ea.",,$1.10 /100ml,"Regular price
$6.99  ea.","Valid until Jan 10, 2024",https://product-images.metro.ca/images/h67/h4f/11521136590878.jpg,https://www.metro.ca/en/online-grocery/search-page-149
NATURE'S PATH,Organic And Gluten Free Crunchy Vanilla Cereal,300 g,"$5.49
 ea.",,$1.83 /100g,"Regular price
$7.49  ea.","Valid until Feb 7, 2024",https://product-images.metro.ca/images/hc8/h17/11492974493726.jpg,https://www.metro.ca/en/online-grocery/search-page-149
,Romaine Lettuce Hearts,3 units per package,"$5.99
 ea.",,$2.00 /un.,,,https://product-images.metro.ca/images/h82/h87/12320458965022.jpg,https://www.metro.ca/en/online-grocery/search-page-149
HERSHEY'S,"Peanut Butter Cups, Reese'S",4x46 g,"$6.79
 ea.",,$3.69 /100g,,,,https://www.metro.ca/en/online-grocery/search-page-149
BUD LIGHT,Light Blonde Lager Beer,24x355 mL - cans,"$36.99
 ea.",,$0.43 /100ml,,,https://product-images.metro.ca/images/h05/he2/10123728748574.jpg,https://www.metro.ca/en/online-grocery/search-page-149
MICHELINA'S,Frozen Penne Pollo,255 g,"2 / 
$5.00",,$0.98 /100g,"Regular price
$3.69  ea.","Valid until Feb 14, 2024",https://product-images.metro.ca/images/hfb/h9e/11760049913886.jpg,https://www.metro.ca/en/online-grocery/search-page-149
STARBUCKS,Medium Roast House Blend Ground Coffee,340 g,"$13.29
 ea.",,$3.91 /100g,,,https://product-images.metro.ca/images/hf7/h95/12266491936798.jpg,https://www.metro.ca/en/online-grocery/search-page-149
CHOSEN FOODS,100% Pure Avocado Oil,750 mL,"$19.99
 ea.",,$2.67 /100ml,,,https://product-images.metro.ca/images/h1c/hdb/11319967154206.jpg,https://www.metro.ca/en/online-grocery/search-page-149
SELECTION,Toupie Style Smoked Center Cut Ham,A tray contains on average 700 g,"$10.02
 / 700 g",,$14.31 /kg$6.49 /lb.,"Regular price
$15.41  / kg","Valid until Jan 17, 2024",https://product-images.metro.ca/images/h72/hea/8884597096478.jpg,https://www.metro.ca/en/online-grocery/search-page-149
BRASSEURS RJ,Barbecue Sauce With Guiness Beer,425 mL,"$4.99
 ea.",,$1.17 /100ml,,,https://product-images.metro.ca/images/hfa/h4d/11374800371742.jpg,https://www.metro.ca/en/online-grocery/search-page-150
,Oatmeal Chocolate Chip Cookie,165 g,"$2.99
 ea.",,$1.81 /100g,,,https://product-images.metro.ca/images/h90/hb8/8861556441118.jpg,https://www.metro.ca/en/online-grocery/search-page-150
HERSHEY'S,"70% Dark Chocolate Chunks, Chipits",200 g,"$4.29
 ea.",,$2.15 /100g,"Regular price
$4.79  ea.","Valid until Feb 7, 2024",,https://www.metro.ca/en/online-grocery/search-page-150
DIET COKE,Soft Drink,2 L,"$3.69
 ea.",,$0.18 /100ml,,,https://product-images.metro.ca/images/ha1/hb7/12018714509342.jpg,https://www.metro.ca/en/online-grocery/search-page-150
LESTERS,All Beef Wieners,375 g,"$6.49
 ea.",,$1.73 /100g,"Regular price
$6.99  ea.","Valid until Jan 10, 2024",https://product-images.metro.ca/images/h35/h37/10959342207006.jpg,https://www.metro.ca/en/online-grocery/search-page-150
JAMIESON,Orange Flavoured Vitamin C,120 un,"$7.99
 ea.",,$0.07 /un.,,,https://product-images.metro.ca/images/h83/h3c/11574046162974.jpg,https://www.metro.ca/en/online-grocery/search-page-150
NATURE'S PATH,"Dark Chocolate Macaroon Granola, Love Crunch",325 g,"$5.49
 ea.",,$1.69 /100g,"Regular price
$7.79  ea.","Valid until Feb 7, 2024",,https://www.metro.ca/en/online-grocery/search-page-150
,Carambola,Sold individually,"$2.49
 ea.",,$2.49 /un.,,,https://product-images.metro.ca/images/he4/h54/8874174644254.jpg,https://www.metro.ca/en/online-grocery/search-page-150
SELECTION,White Wine Vinegar,500 mL,"$2.69
 ea.",,$0.54 /100ml,"Regular price
$3.29  ea.","Valid until Feb 7, 2024",https://product-images.metro.ca/images/h5f/h6f/8856108138526.jpg,https://www.metro.ca/en/online-grocery/search-page-150
NESTLÉ,"Lactose Free Hazelnut Coffee Whitener, Coffee-Mate",946 mL,"$6.79
 ea.",,$0.72 /100ml,,,,https://www.metro.ca/en/online-grocery/search-page-150
WONG WING,Frozen Egg Roll Covers,907 g,"$9.99
 ea.",,$1.10 /100g,,,https://product-images.metro.ca/images/h30/h95/8820337180702.jpg,https://www.metro.ca/en/online-grocery/search-page-150
MONTELLIER,Lemon Flavoured Carbonated Natural Spring Water,10x355 mL,"$6.99
 ea.",,$0.20 /100ml,,,https://product-images.metro.ca/images/h4c/h31/11535836938270.jpg,https://www.metro.ca/en/online-grocery/search-page-150
NATURE'S PATH,Organic Whole Grain Cereal,907 g,"$11.99
 ea.",,$1.32 /100g,,,https://product-images.metro.ca/images/hc0/h31/11816855961630.jpg,https://www.metro.ca/en/online-grocery/search-page-150
DARE,"Salt And Vinegar Veggie Crackers, Veggie Crisps",100 g,"$4.19
 ea.",,$4.19 /100g,,,,https://www.metro.ca/en/online-grocery/search-page-150
TASSIMO,"Espresso Coffee T Discs, Nabob",14 un,"$10.49
 ea.",,$0.75 /un.,,,,https://www.metro.ca/en/online-grocery/search-page-150
HEALTHY CHOICE,"Frozen Chicken And Vegetable Stir Fry, Simply Steamers",262 g,"$5.99
 ea.",,$2.29 /100g,,,,https://www.metro.ca/en/online-grocery/search-page-150
SELECTION,Vanilla Flavoured Ice Milk,4 L,"$7.79
 ea.",,$0.19 /100ml,,,https://product-images.metro.ca/images/h61/h7f/11521033043998.jpg,https://www.metro.ca/en/online-grocery/search-page-150
REINHART'S,Apple Cider Vinegar,500 mL,"$4.99
 ea.",,$1.00 /100ml,,,https://product-images.metro.ca/images/h6a/h78/11761507762206.jpg,https://www.metro.ca/en/online-grocery/search-page-150
LEE KUM KEE,Hoisin Sauce,443 mL,"$5.99
 ea.",,$1.35 /100ml,,,https://product-images.metro.ca/images/h2d/haf/11714252308510.jpg,https://www.metro.ca/en/online-grocery/search-page-150
NESTLÉ,"Lactose Free French Vanilla Coffee Whitener, Coffee-...",946 mL,"$6.79
 ea.",,$0.72 /100ml,,,,https://www.metro.ca/en/online-grocery/search-page-150
PLAISIRS GASTRONOMIQUES,Greek Style Farfalle Salad,300 g,"$6.99
 ea.",,$2.33 /100g,,,https://product-images.metro.ca/images/h11/h35/9796158914590.jpg,https://www.metro.ca/en/online-grocery/search-page-150
CLUB HOUSE,Reduced Sugar Gelling Powder,45 g,"$2.49
 ea.",,$5.53 /100g,,,https://product-images.metro.ca/images/he0/h5c/10443206295582.jpg,https://www.metro.ca/en/online-grocery/search-page-150
ROYALE,3-Ply Dinner Napkins,40 un,"$4.99
 ea.",,$0.12 /un.,,,https://product-images.metro.ca/images/h9f/h15/8809164963870.jpg,https://www.metro.ca/en/online-grocery/search-page-150
FINISH,Liquid Dishwasher Cleaner,250 ml,"$5.99
 ea.",,$2.40 /100ml,"Regular price
$7.29  ea.","Valid until Feb 7, 2024",https://product-images.metro.ca/images/h76/h36/11665311825950.jpg,https://www.metro.ca/en/online-grocery/search-page-150
SELECTION,Whole Wheat Pita Breads,250 g,"$2.49
 ea.",,$1.00 /100g,,,https://product-images.metro.ca/images/h3c/hb6/9519056355358.jpg,https://www.metro.ca/en/online-grocery/search-page-150
GLAD,Regular Black Garbage Bags,40 un,"$13.29
 ea.",,$0.33 /un.,,,https://product-images.metro.ca/images/hab/h57/11540994031646.jpg,https://www.metro.ca/en/online-grocery/search-page-150
SELECTION,Whole Baby Carrots,398 mL,"$2.29
 ea.",,$0.58 /100ml,,,https://product-images.metro.ca/images/h62/hcb/9858090237982.jpg,https://www.metro.ca/en/online-grocery/search-page-150
CHAPMAN'S,Dutch Chocolate Frozen Yogurt,2 L,"$6.29
 ea.",,$0.31 /100ml,"Regular price
$7.99  ea.","Valid until Feb 14, 2024",https://product-images.metro.ca/images/h01/h68/10250158571550.jpg,https://www.metro.ca/en/online-grocery/search-page-150
NATURE'S PATH,"Dark Chocolate And Red Berries Organic Granola, Love...",325 g,"$5.49
 ea.",,$1.69 /100g,"Regular price
$7.79  ea.","Valid until Feb 7, 2024",,https://www.metro.ca/en/online-grocery/search-page-150
PEPSI,"Soft Drink, Mini",15x222 mL,"$6.99
 ea.",,$0.21 /100ml,"Regular price
$7.99  ea.","Valid until Jan 24, 2024",,https://www.metro.ca/en/online-grocery/search-page-150
SELECTION,Ground Ginger,75 g,"$2.99
 ea.",,$3.99 /100g,,,https://product-images.metro.ca/images/hbf/h54/9020171976734.jpg,https://www.metro.ca/en/online-grocery/search-page-151
CLUB HOUSE,Organic Garlic Powder,57 g,"$2.99
 ea.",,$5.25 /100g,"Regular price
$3.29  ea.","Valid until Feb 7, 2024",https://product-images.metro.ca/images/h5c/h56/11188446986270.jpg,https://www.metro.ca/en/online-grocery/search-page-151
MICHELINA'S,Frozen Rigatoni Pomodoro,255 g,"2 / 
$5.00",,$0.98 /100g,"Regular price
$3.69  ea.","Valid until Feb 14, 2024",https://product-images.metro.ca/images/h4d/h74/11760044572702.jpg,https://www.metro.ca/en/online-grocery/search-page-151
BONNE MAMAN,Dulce De Leche Caramel Spread,380 g,"$7.49
 ea.",,$1.97 /100g,,,https://product-images.metro.ca/images/hfd/h96/10212079009822.jpg,https://www.metro.ca/en/online-grocery/search-page-151
CLOVER LEAF,Solid Albacore White Tuna In Broth & Oil,170 g,"$3.99
 ea.",,$2.35 /100g,,,https://product-images.metro.ca/images/h53/h2c/11849356279838.jpg,https://www.metro.ca/en/online-grocery/search-page-151
METROGO!,Honeydew And Cantaloupe Slices,Approximately 6 slices,"$4.99
 ea.",,$0.91 /100g,,,https://product-images.metro.ca/images/h85/h58/8934986842142.jpg,https://www.metro.ca/en/online-grocery/search-page-151
ENERGIZER,"AAA Alkaline Batteries, Max",4 un,"$10.49
 ea.",,$2.62 /un.,,,,https://www.metro.ca/en/online-grocery/search-page-151
NATUR-A,Original Fortified Almond Beverage,946 mL,"$3.49
 ea.",,$0.37 /100ml,,,https://product-images.metro.ca/images/h15/h1c/11627061280798.jpg,https://www.metro.ca/en/online-grocery/search-page-151
SELECTION,Strawberry Watermelon Flavoured Water Enhancer,48 mL,"2 / 
$5.50",,$5.73 /100ml,"Regular price
$3.29  ea.","Valid until Jan 10, 2024",https://product-images.metro.ca/images/h99/ha4/10715178795038.jpg,https://www.metro.ca/en/online-grocery/search-page-151
SILVERTHORNE,Australian White Wine,750 mL,"$15.49
 ea.",,$2.07 /100ml,,,https://product-images.metro.ca/images/hba/ha3/9742259683358.jpg,https://www.metro.ca/en/online-grocery/search-page-151
S SENSE,Chamomile Spray Herbal Tea Bags,10 un,"$2.29
 ea.",,$0.02 /un.,"Regular price
$2.79  ea.","Valid until Feb 7, 2024",https://product-images.metro.ca/images/h67/hf4/11994729578526.jpg,https://www.metro.ca/en/online-grocery/search-page-151
,"Boneless Bottom Blade Steak, European Cut",,"$10.04
 avg. ea.",(380 g avg.),$26.43 /kg$11.99 /lb.,"Regular price
$28.64  avg. kg","Valid until Jan 10, 2024",https://product-images.metro.ca/images/hed/h5b/8886433480734.jpg,https://www.metro.ca/en/online-grocery/search-page-151
VAN HOUTTE,"Colombian Medium Ground Coffee, Classic Collection",908 g,"$23.99
 ea.",,$2.64 /100g,,,,https://www.metro.ca/en/online-grocery/search-page-151
OCEAN SPRAY,Low Calorie Cranberry Cocktail,1.89 L,"$5.49
 ea.",,$0.29 /100ml,,,https://product-images.metro.ca/images/h44/h63/9910103703582.jpg,https://www.metro.ca/en/online-grocery/search-page-151
LA COSTEÑA,Pickled Jalapeno Nacho Slices,477 mL,"$3.49
 ea.",,$0.79 /100g,"Regular price
$4.19  ea.","Valid until Jan 24, 2024",https://product-images.metro.ca/images/h5b/hd6/11274315530270.jpg,https://www.metro.ca/en/online-grocery/search-page-151
SELECTION,Cucumber Dressing,475 mL,"$2.99
 ea.",,$0.63 /100ml,"Regular price
$3.69  ea.","Valid until Jan 24, 2024",https://product-images.metro.ca/images/hd9/ha6/11521127284766.jpg,https://www.metro.ca/en/online-grocery/search-page-151
CLUB HOUSE,"Steak Spice Seasoning With No Salt Added, La Grille",130 g,"$6.49
 ea.",,$4.99 /100g,,,,https://www.metro.ca/en/online-grocery/search-page-151
CARNATION,Fat Free Evaporated Skim Milk,354 mL,"$2.99
 ea.",,$0.84 /100ml,,,https://product-images.metro.ca/images/h7c/h43/10518817177630.jpg,https://www.metro.ca/en/online-grocery/search-page-151
DOUBLE FRUIT,Light Apricot Fruit Spread,500 mL,"$5.99
 ea.",,$1.20 /100ml,"Regular price
$6.49  ea.","Valid until Feb 7, 2024",https://product-images.metro.ca/images/hec/h43/11401284255774.jpg,https://www.metro.ca/en/online-grocery/search-page-151
OLD EL PASO,Soft Tortilla Bowl Taco Kit,309 g,"$6.99
 ea.",,$2.26 /100g,,,https://product-images.metro.ca/images/he1/h5f/9957650890782.jpg,https://www.metro.ca/en/online-grocery/search-page-151
SELECTION,Garlic Salt,200 g,"$3.49
 ea.",,$1.75 /100g,,,https://product-images.metro.ca/images/hec/hb0/9096927936542.jpg,https://www.metro.ca/en/online-grocery/search-page-151
MELITTA,Natural Brown Basket Coffee Filters,200 un,"$3.99
 ea.",,$0.02 /un.,,,https://product-images.metro.ca/images/h0c/hc4/9514954031134.jpg,https://www.metro.ca/en/online-grocery/search-page-151
OCEAN SPRAY,Cranberry Cocktail,3 L,"$8.49
 ea.",,$0.28 /100ml,,,https://product-images.metro.ca/images/hc7/h52/10794065035294.jpg,https://www.metro.ca/en/online-grocery/search-page-151
PLAISIRS GASTRONOMIQUES,Old-Fashioned Liver Pâté,150 g,"$4.79
 ea.",,$3.19 /100g,,,https://product-images.metro.ca/images/h51/h72/9529795149854.jpg,https://www.metro.ca/en/online-grocery/search-page-151
TILDA,Pure Original Basmati Rice,1.81 kg,"$13.99
 ea.",,$0.77 /100g,,,https://product-images.metro.ca/images/h7e/hbb/11198080745502.jpg,https://www.metro.ca/en/online-grocery/search-page-151
LINDT,"Madagascar 70% Cacao Dark Chocolate Bar, Excellence",100 g,"$5.29
 ea.",,$5.29 /100g,,"Valid until Jan 10, 2024",,https://www.metro.ca/en/online-grocery/search-page-151
WHISKAS,"Salmon Flavoured Cat Paté, Perfect Portions",75 g,"3 / 
$4.00",,$1.78 /100g,"Regular price
$1.79  ea.","Valid until Jan 24, 2024",,https://www.metro.ca/en/online-grocery/search-page-151
CLARK,Beans With Pork And Tomato Sauce,227 mL,"$2.49
 ea.",,$1.10 /100ml,,,https://product-images.metro.ca/images/ha2/h7b/9811352780830.jpg,https://www.metro.ca/en/online-grocery/search-page-151
EARTH'S OWN,"Barista Blend Soy Beverage, So Nice",946 mL,"$3.49
 ea.",,$0.37 /100ml,,,,https://www.metro.ca/en/online-grocery/search-page-151
METROGO!,Marinated Tournedos Steaks,2 tournedos per tray,"$10.49
 avg. ea.",,$27.98 /kg$12.69 /lb.,,,https://product-images.metro.ca/images/h73/h45/8893674782750.jpg,https://www.metro.ca/en/online-grocery/search-page-151
LYSOL,Toilet Bowl Cleaner,946 mL,"$5.79
 ea.",,$0.61 /100ml,,,https://product-images.metro.ca/images/h68/h4b/9763074113566.jpg,https://www.metro.ca/en/online-grocery/search-page-152
MICHELOB ULTRA,Light Lager Beer,24x355 mL - cans,"$38.99
 ea.",,$0.46 /100ml,,,https://product-images.metro.ca/images/hc3/hf3/10123806015518.jpg,https://www.metro.ca/en/online-grocery/search-page-152
OLIVIERI,Lasagna Sheets,"4 sheets, 360 g","$6.99
 ea.",,$1.94 /100g,,,https://product-images.metro.ca/images/h86/hc2/10685926342686.jpg,https://www.metro.ca/en/online-grocery/search-page-152
LINDT,"Chili Dark Chocolate Bar, Excellence",100 g,"$5.29
 ea.",,$5.29 /100g,,"Valid until Jan 10, 2024",,https://www.metro.ca/en/online-grocery/search-page-152
POGO,Frozen Cooked Mini Weiners On A Stick,"32 wieners, 960 g","$20.99
 ea.",,$2.19 /100g,,,https://product-images.metro.ca/images/hd7/h02/9526455336990.jpg,https://www.metro.ca/en/online-grocery/search-page-152
TASSIMO,"French Vanilla Coffee T Discs, Nabob",14 un,"$10.49
 ea.",,$0.75 /un.,,,,https://www.metro.ca/en/online-grocery/search-page-152
WALLAROO TRAIL,"Australian White Wine, BIN 818",1 L,"$14.79
 ea.",,$1.48 /100ml,,,,https://www.metro.ca/en/online-grocery/search-page-152
CLUB HOUSE,Gluten Free Gravy Mix For Turkey,25 g,"4 / 
$5.00",,$5.00 /100g,"Regular price
$1.49  ea.","Valid until Jan 24, 2024",https://product-images.metro.ca/images/h18/hf4/11761489510430.jpg,https://www.metro.ca/en/online-grocery/search-page-152
LA PARISIENNE,"Inspira™ Violet, Lavender And Citrus Fabric Softener...",80 sheets,"$5.49
 ea.",,$0.07 /load,,,,https://www.metro.ca/en/online-grocery/search-page-152
FEBREZE,"Linen And Sky Air Refreshner, Air",250 g,"$4.99
 ea.",,$2.00 /100g,,,,https://www.metro.ca/en/online-grocery/search-page-152
LAFLEUR,Cocktail Smoked Wieners,225 g,"2 / 
$7.00",,$1.56 /100g,"Regular price
$3.99  ea.","Valid until Jan 17, 2024",https://product-images.metro.ca/images/ha7/h01/11449552797726.jpg,https://www.metro.ca/en/online-grocery/search-page-152
SELECTION,Honey,1 kg,"$12.49
 ea.",,$1.25 /100g,,,https://product-images.metro.ca/images/h35/h16/11521118076958.jpg,https://www.metro.ca/en/online-grocery/search-page-152
PRÉSIDENT,Bleu D'Auvergne Cheese,100 g,"$5.49
 ea.",,$5.49 /100g,,,https://product-images.metro.ca/images/h0c/h85/9858106884126.jpg,https://www.metro.ca/en/online-grocery/search-page-152
LISTERINE,Original™ Antiseptic Mouthwash,1 L,"$10.49
 ea.",,$1.05 /100ml,,,https://product-images.metro.ca/images/ha4/h29/9521636311070.jpg,https://www.metro.ca/en/online-grocery/search-page-152
METROGO!,Light Strawberry Yogurt With Berries And Granola,295 g,"$5.49
 ea.",,$1.69 /100g,,,https://product-images.metro.ca/images/h64/h5a/9014699589662.jpg,https://www.metro.ca/en/online-grocery/search-page-152
IRRESISTIBLES,House Blend Ground Coffee,925 g,"$15.99
 ea.",,$1.73 /100g,"Regular price
$16.99  ea.","Valid until Feb 7, 2024",https://product-images.metro.ca/images/haa/hb7/11257134972958.jpg,https://www.metro.ca/en/online-grocery/search-page-152
E.D.SMITH,Cherry Pie Filling,540 mL,"$6.99
 ea.",,$1.29 /100ml,,,https://product-images.metro.ca/images/he0/h3e/9823760678942.jpg,https://www.metro.ca/en/online-grocery/search-page-152
TWIZZLERS,Licorice Twists,375 g,"$4.99
 ea.",,$1.33 /100g,,,https://product-images.metro.ca/images/hdf/h4a/12196738957342.jpg,https://www.metro.ca/en/online-grocery/search-page-152
MAISONNEUVE & FILS,Raspberry Cream Donut,6 un,"$8.79
 ea.",,$2.07 /100g,,,https://product-images.metro.ca/images/hd2/h19/9519054782494.jpg,https://www.metro.ca/en/online-grocery/search-page-152
SELECTION,Frozen Puff Pastry Shells,240 g,"$2.99
 ea.",,$1.25 /100g,"Regular price
$3.69  ea.","Valid until Jan 10, 2024",https://product-images.metro.ca/images/ha0/h8f/8860545220638.jpg,https://www.metro.ca/en/online-grocery/search-page-152
BETTY CROCKER,"Vanilla Frosting, Creamy Deluxe",450 g,"$2.00
 ea.",,$0.44 /100g,"Regular price
$2.99  ea.","Valid until Feb 7, 2024",,https://www.metro.ca/en/online-grocery/search-page-152
MÉRITE,Fruits Jardinière,795 g,"$16.99
 ea.",,$2.14 /100g,,,https://product-images.metro.ca/images/hf3/hf9/10724311760926.jpg,https://www.metro.ca/en/online-grocery/search-page-152
BOULANGERIE AUGER,Homemade Sliced White Bread,675 g,"$4.99
 ea.",,$0.74 /100g,,,https://product-images.metro.ca/images/h2b/h42/8860732129310.jpg,https://www.metro.ca/en/online-grocery/search-page-152
SELECTION,Pork Gravy Mix,21 g,"$0.99
 ea.",,$4.71 /100g,"Regular price
$1.49  ea.","Valid until Jan 24, 2024",https://product-images.metro.ca/images/hbf/hfb/9518903754782.jpg,https://www.metro.ca/en/online-grocery/search-page-152
STARBUCKS,Medium Roast House Blend K-Cup® Coffee Pods,10 un,"$13.29
 ea.",,$1.33 /un.,,,https://product-images.metro.ca/images/h1b/h36/12266488332318.jpg,https://www.metro.ca/en/online-grocery/search-page-152
DARE,"Minis Oatmeal Chocolate Chip Soft Cookies, Bear Paws",210 g,"$4.69
 ea.",,$2.23 /100g,,,,https://www.metro.ca/en/online-grocery/search-page-152
PRINGLES,"BBQ Flavoured Chips, Party Stack",203 g,"2 / 
$7.00",,$1.73 /100g,"Regular price
$4.79  ea.","Valid until Jan 24, 2024",,https://www.metro.ca/en/online-grocery/search-page-152
HEINZ,Spaghetti In Tomato Sauce With Cheese,398 mL,"$3.69
 ea.",,$0.93 /100ml,,,https://product-images.metro.ca/images/haf/h2c/9986938667038.jpg,https://www.metro.ca/en/online-grocery/search-page-152
IRRESISTIBLES,Frozen Salmon Pie,600 g,"$9.00
 ea.",,$1.50 /100g,"Regular price
$9.99  ea.","Valid until Jan 17, 2024",https://product-images.metro.ca/images/h27/hd2/9848553439262.jpg,https://www.metro.ca/en/online-grocery/search-page-152
MIZKAN,"Seasoned Rice Vinegar, Nakano",355 mL,"$6.29
 ea.",,$1.77 /100ml,,,,https://www.metro.ca/en/online-grocery/search-page-152
OZERY BAKERY,"Cranberry And Orange Breakfast Buns, Morning Rounds",450 g,"$4.99
 ea.",,$1.11 /100g,"Regular price
$5.79  ea.","Valid until Jan 17, 2024",,https://www.metro.ca/en/online-grocery/search-page-153
ARM & HAMMER,Cat Litter Deodorizer,500 g,"$3.79
 ea.",,$0.76 /100g,,,https://product-images.metro.ca/images/h14/ha1/9910100590622.jpg,https://www.metro.ca/en/online-grocery/search-page-153
ARCHIBALD,"Assorted Beer Pack, Hops Mix Pack",12x355 mL - cans,"$23.99
 ea.",,$0.56 /100ml,,,,https://www.metro.ca/en/online-grocery/search-page-153
METROGO!,Traditionally Smoked Seasoned Atlantic Salmon Fillet,,"$12.34
 avg. ea.",(200 g avg.),$61.71 /kg$27.99 /lb.,,,https://product-images.metro.ca/images/he1/hb2/8905300148254.jpg,https://www.metro.ca/en/online-grocery/search-page-153
HERTEL,Citrus Burst Bathroom Cleaner,700 ml,"$4.39
 ea.",,$0.63 /100ml,,,https://product-images.metro.ca/images/h95/h9b/11761460019230.jpg,https://www.metro.ca/en/online-grocery/search-page-153
CESAR,Entrées With Turkey For Small Dogs,100 g,"$1.99
 ea.",,$1.99 /100g,"Regular price
$2.19  ea.","Valid until Jan 24, 2024",https://product-images.metro.ca/images/hc4/heb/9518103396382.jpg,https://www.metro.ca/en/online-grocery/search-page-153
SCRUBBING BUBBLES,Fresh Citrus Bathroom Cleaning Spray,950 mL,"$6.79
 ea.",,$0.71 /100ml,,,https://product-images.metro.ca/images/h01/h31/10778548863006.jpg,https://www.metro.ca/en/online-grocery/search-page-153
KNORR,"Homestyle Cheddar Pasta, Sidekicks",131 g,"3 / 
$7.00",,$1.78 /100g,"Regular price
$2.79  ea.","Valid until Jan 24, 2024",,https://www.metro.ca/en/online-grocery/search-page-153
IMAGINE,Organic Chicken Broth,1 L,"$5.29
 ea.",,$0.53 /100ml,,,https://product-images.metro.ca/images/h8d/hb5/9546723885086.jpg,https://www.metro.ca/en/online-grocery/search-page-153
CHOCOLATS FAVORIS,S'Mores Flavoured Milk Chocolate Fondue,215 g,"$8.99
 ea.",,$4.18 /100g,,,https://product-images.metro.ca/images/h20/hc5/10498114224158.jpg,https://www.metro.ca/en/online-grocery/search-page-153
ORVILLE REDENBACHER,"Extra Buttery Flavoured Popping Corn Value Pack, Gou...",820 g,"$10.49
 ea.",,$1.28 /100g,,,,https://www.metro.ca/en/online-grocery/search-page-153
SELECTION,Lime Flavoured Sparkling Water,12x355 mL,"$5.99
 ea.",,$0.14 /100ml,,,https://product-images.metro.ca/images/h52/h26/11763994820638.jpg,https://www.metro.ca/en/online-grocery/search-page-153
EASY-OFF,Fume Free Max Oven Cleaner,400 g,"$8.49
 ea.",,$2.12 /100g,,,https://product-images.metro.ca/images/h6b/hb3/9719451680798.jpg,https://www.metro.ca/en/online-grocery/search-page-153
PLANTERS,100% Pure Peanut Oil,750 mL,"$7.99
 ea.",,$1.07 /100ml,"Regular price
$10.49  ea.","Valid until Feb 7, 2024",https://product-images.metro.ca/images/h34/h79/11386212089886.jpg,https://www.metro.ca/en/online-grocery/search-page-153
TEMPTATIONS,"Tuna Flavoured Cat Treats, Mega-Pack",180 g,"$3.79
 ea.",,$2.11 /100g,"Regular price
$4.79  ea.","Valid until Jan 24, 2024",,https://www.metro.ca/en/online-grocery/search-page-153
OAKRUN FARM,Plain Crumpets,6 un - 284 g,"$4.49
 ea.",,$1.58 /100g,,,https://product-images.metro.ca/images/h27/h5d/11157676589086.jpg,https://www.metro.ca/en/online-grocery/search-page-153
WONG WING,Frozen Fried Rice,"2 servings, 500 g","$8.99
 ea.",,$1.80 /100g,,,https://product-images.metro.ca/images/h6f/h03/11374755512350.jpg,https://www.metro.ca/en/online-grocery/search-page-153
SUN-MAID,California Raisins,6x30 g,"$4.49
 ea.",,$2.49 /100g,,,https://product-images.metro.ca/images/h42/hc7/12191691145246.jpg,https://www.metro.ca/en/online-grocery/search-page-153
SELECTION,Asparagus Tips,341 mL,"$3.79
 ea.",,$1.11 /100ml,"Regular price
$4.49  ea.","Valid until Jan 24, 2024",https://product-images.metro.ca/images/h0c/h1c/9519357591582.jpg,https://www.metro.ca/en/online-grocery/search-page-153
IRRESISTIBLES,Frozen Swedish Meatballs,255 g,"$3.29
 ea.",,$1.29 /100g,,,https://product-images.metro.ca/images/h84/h34/8933531779102.jpg,https://www.metro.ca/en/online-grocery/search-page-153
CANADA DRY,Ginger Ale,6x710 mL,"$6.99
 ea.",,$0.16 /100ml,,,https://product-images.metro.ca/images/h20/h8d/12018714804254.jpg,https://www.metro.ca/en/online-grocery/search-page-153
MOUNTAIN DEW,"Soft Drink, Citrus Charge",12x355 mL,"$6.98
 ea.",,$0.16 /100ml,"Regular price
$7.99  ea.","Valid until Jan 10, 2024",,https://www.metro.ca/en/online-grocery/search-page-153
CESAR,Entrées With Chicken And Liver For Small Dogs,100 g,"$1.99
 ea.",,$1.99 /100g,"Regular price
$2.19  ea.","Valid until Jan 24, 2024",https://product-images.metro.ca/images/h76/h97/9518112735262.jpg,https://www.metro.ca/en/online-grocery/search-page-153
IRRESISTIBLES,"Frozen Smoked Atlantic Salmon Slices, The Fish Market",300 g,"$21.99
 ea.",,$7.33 /100g,,,,https://www.metro.ca/en/online-grocery/search-page-153
GLAD,Large Black Garbage Bags,30 un,"$13.29
 ea.",,$0.44 /un.,,,https://product-images.metro.ca/images/h1c/h8e/11492938874910.jpg,https://www.metro.ca/en/online-grocery/search-page-153
LITEHOUSE,Freeze-Dried Garlic,45 g,"$5.99
 ea.",,$13.31 /100g,"Regular price
$6.99  ea.","Valid until Jan 10, 2024",https://product-images.metro.ca/images/h6b/h30/11292674097182.jpg,https://www.metro.ca/en/online-grocery/search-page-153
KELLOGG'S,"Coconut, Cashew & Dark Chocolate Chunks Bars With Qu...","5 bars, 165 g","$2.64
 ea.",,$1.60 /100g,"Regular price
$5.29  ea.","Valid until Jun 20, 2024",,https://www.metro.ca/en/online-grocery/search-page-153
GIBIERS CANABEC,Veal Stock,300 mL,"$6.99
 ea.",,$2.33 /100ml,,,https://product-images.metro.ca/images/hb1/h6f/9533238116382.jpg,https://www.metro.ca/en/online-grocery/search-page-153
CORONITA EXTRA,Small Format Mexican Lager Beer,6x207 mL - bottles,"$11.49
 ea.",,$0.93 /100ml,,,https://product-images.metro.ca/images/hc1/ha3/10378848108574.jpg,https://www.metro.ca/en/online-grocery/search-page-153
NATURE'S PATH,Homestyle Gluten Free Waffles,210 g,"$6.29
 ea.",,$3.00 /100g,,,https://product-images.metro.ca/images/h1f/h75/12050625691678.jpg,https://www.metro.ca/en/online-grocery/search-page-153
STARBUCKS,Dark French Roast Ground Coffee,340 g,"$13.29
 ea.",,$3.91 /100g,,,https://product-images.metro.ca/images/hb1/hfb/12266490298398.jpg,https://www.metro.ca/en/online-grocery/search-page-154
WONG WING,Frozen Lemon Chicken,"2 servings, 400 g","$8.99
 ea.",,$2.25 /100g,,,https://product-images.metro.ca/images/hb8/hd3/11274273619998.jpg,https://www.metro.ca/en/online-grocery/search-page-154
METROGO!,Chive Sausages,3 sausages per tray,"$6.43
 avg. ea.",(400 g avg.),$16.07 /kg$7.29 /lb.,,,https://product-images.metro.ca/images/h2d/hdd/8963117383710.jpg,https://www.metro.ca/en/online-grocery/search-page-154
CHEF LELARGE,"Orange Sauce Mix, Fine Cuisine",40 g,"3 / 
$5.00",,$4.17 /100g,"Regular price
$2.69  ea.","Valid until Jan 10, 2024",,https://www.metro.ca/en/online-grocery/search-page-154
DOLE,Apples In Raspberry Gel Cups,4x123 g,"$4.49
 ea.",,$0.91 /100g,,,https://product-images.metro.ca/images/h95/h7a/9522353799198.jpg,https://www.metro.ca/en/online-grocery/search-page-154
UNICO,Pepperoncini Peppers,750 mL,"$3.49
 ea.",,$0.47 /100ml,"Regular price
$3.99  ea.","Valid until Jan 24, 2024",https://product-images.metro.ca/images/hcd/h2e/9149598957598.jpg,https://www.metro.ca/en/online-grocery/search-page-154
TRE STELLE,Grated Parmano Cheese,125 g,"$6.99
 ea.",,$5.59 /100g,"Regular price
$7.49  ea.","Valid until Jan 17, 2024",https://product-images.metro.ca/images/h71/h33/10040022466590.jpg,https://www.metro.ca/en/online-grocery/search-page-154
BLUEWATER SEAFOODS,Frozen Battered Pollock Portions,600 g,"$8.99
 ea.",,$1.50 /100g,"Regular price
$12.99  ea.","Valid until Jan 10, 2024",https://product-images.metro.ca/images/h72/h16/12048182968350.jpg,https://www.metro.ca/en/online-grocery/search-page-154
CORDON BLEU,Forestière Mushroom Sauce,284 mL,"$2.49
 ea.",,$0.88 /100ml,"Regular price
$3.79  ea.","Valid until Jan 10, 2024",https://product-images.metro.ca/images/h7b/hbb/9811351240734.jpg,https://www.metro.ca/en/online-grocery/search-page-154
MAXWELL HOUSE,Decaffeinated Instant Coffee,150 g,"$5.99
 ea.",,$3.99 /100g,,,https://product-images.metro.ca/images/h6e/h86/9986845147166.jpg,https://www.metro.ca/en/online-grocery/search-page-154
,Maple Pecan Danishes With A Maple Glaze,4x80 g,"$6.79
 ea.",,$2.12 /100g,,,https://product-images.metro.ca/images/h31/h97/8859898118174.jpg,https://www.metro.ca/en/online-grocery/search-page-154
GATORADE,"Grape Flavoured Sport Drink Beverage, G2 Performer",6x591 mL,"$5.99
 ea.",,$0.17 /100ml,"Regular price
$7.99  ea.","Valid until Jan 10, 2024",,https://www.metro.ca/en/online-grocery/search-page-154
CORDON BLEU,Beef Gravy,284 mL,"$2.49
 ea.",,$0.88 /100ml,"Regular price
$3.79  ea.","Valid until Jan 10, 2024",https://product-images.metro.ca/images/h4e/hc5/11281586290718.jpg,https://www.metro.ca/en/online-grocery/search-page-154
SELECTION,Ragout Sauce Mix,42 g,"$0.99
 ea.",,$2.36 /100g,"Regular price
$1.49  ea.","Valid until Jan 24, 2024",https://product-images.metro.ca/images/hb6/hcb/9518975680542.jpg,https://www.metro.ca/en/online-grocery/search-page-154
FRISKIES,Shredded Whitefish And Tuna In Sauce Wet Cat Food,156 g,"$1.49
 ea.",,$0.96 /100g,,,https://product-images.metro.ca/images/hea/h7a/11511508336670.jpg,https://www.metro.ca/en/online-grocery/search-page-154
BRITA,Replacement Filters,1 un,"$10.49
 ea.",,$10.49 /un.,,,https://product-images.metro.ca/images/h73/h23/11570822807582.jpg,https://www.metro.ca/en/online-grocery/search-page-154
7UP,Soft Drink,8x355 mL - bottle,"$5.99
 ea.",,$0.21 /100ml,"Regular price
$6.79  ea.","Valid until Jan 24, 2024",https://product-images.metro.ca/images/h7a/h17/9802559258654.jpg,https://www.metro.ca/en/online-grocery/search-page-154
METROGO!,Garden Salad,Small,"$2.49
 ea.",,$1.31 /100g,,,https://product-images.metro.ca/images/h82/hd2/8837099323422.jpg,https://www.metro.ca/en/online-grocery/search-page-154
PRANA,Organic Black Chia Whole Seeds,300 g,"$8.29
 ea.",,$2.76 /100g,,,https://product-images.metro.ca/images/he5/hea/11816791736350.jpg,https://www.metro.ca/en/online-grocery/search-page-154
MASTRO,Sopressata Salami,300 g,"$10.99
 ea.",,$3.66 /100g,,,https://product-images.metro.ca/images/he3/ha5/9156616486942.jpg,https://www.metro.ca/en/online-grocery/search-page-154
DOUBLE VIE,"Canadian Red Wine, Oakyard Selection",1 L,"$13.79
 ea.",,$1.38 /100ml,,,,https://www.metro.ca/en/online-grocery/search-page-154
MAPLE LEAF,Black Forest Natural Smoked Ham,600 g,"$16.99
 ea.",,$2.83 /100g,,,https://product-images.metro.ca/images/hdc/h86/11754153410590.jpg,https://www.metro.ca/en/online-grocery/search-page-154
KRAFT,French Dressing,475 mL,"$4.49
 ea.",,$0.95 /100ml,,,https://product-images.metro.ca/images/h49/h25/9644722815006.jpg,https://www.metro.ca/en/online-grocery/search-page-154
MAISON ORPHÉE,"Extra Virgin Olive Oil, Balanced",500 mL,"$13.49
 ea.",,$2.70 /100ml,"Regular price
$14.99  ea.","Valid until Feb 7, 2024",,https://www.metro.ca/en/online-grocery/search-page-154
SENSODYNE,Multi-Action Toothpaste With Witening,100 mL,"$5.99
 ea.",,$5.99 /100ml,,,https://product-images.metro.ca/images/h8b/h8c/12174854193182.jpg,https://www.metro.ca/en/online-grocery/search-page-154
DUBRETON,Sliced Organic Black Forest Smoked Ham,125 g,"$7.99
 ea.",,$6.39 /100g,,,https://product-images.metro.ca/images/hb7/h3f/9633824866334.jpg,https://www.metro.ca/en/online-grocery/search-page-154
HANDI-FOIL,"Pie Pans, Eco-Foil",15 un,"$5.49
 ea.",,$5.49 /un.,,,,https://www.metro.ca/en/online-grocery/search-page-154
SELECTION,Onion Salt,200 g,"$2.99
 ea.",,$1.50 /100g,,,https://product-images.metro.ca/images/h4a/h21/9020127248414.jpg,https://www.metro.ca/en/online-grocery/search-page-154
CHAPMAN'S,Black Jack Cherry Frozen Yogurt,2 L,"$6.29
 ea.",,$0.31 /100ml,"Regular price
$7.99  ea.","Valid until Feb 14, 2024",https://product-images.metro.ca/images/h98/hb1/11590582239262.jpg,https://www.metro.ca/en/online-grocery/search-page-154
AKI SUSHI,Seaweed Sheets For Sushi Rolls,27 g,"$7.99
 ea.",,$29.59 /100g,,,https://product-images.metro.ca/images/hf8/h3b/9438016765982.jpg,https://www.metro.ca/en/online-grocery/search-page-154
,Homemade Bacon And Cheese Bread,550 g,"$8.49
 ea.",,$1.54 /100g,,,https://product-images.metro.ca/images/h50/h3e/9647196504094.jpg,https://www.metro.ca/en/online-grocery/search-page-155
SELECTION,Orange Marmalade,500 mL,"$3.99
 ea.",,$0.80 /100ml,"Regular price
$4.79  ea.","Valid until Feb 7, 2024",https://product-images.metro.ca/images/hbf/had/9098474651678.jpg,https://www.metro.ca/en/online-grocery/search-page-155
COCA-COLA,Soft Drink,1 L,"$2.29
 ea.",,$0.23 /100ml,,,https://product-images.metro.ca/images/h5f/hbf/10495665864734.jpg,https://www.metro.ca/en/online-grocery/search-page-155
VOORTMAN,Maple Wafers,300 g,"2 / 
$5.00",,$0.83 /100g,"Regular price
$3.49  ea.","Valid until Jan 24, 2024",https://product-images.metro.ca/images/h1c/hbe/10715348664350.jpg,https://www.metro.ca/en/online-grocery/search-page-155
HUNT'S,Original Tomato Sauce,910 mL,"$4.49
 ea.",,$0.49 /100ml,,,https://product-images.metro.ca/images/h92/h16/9519042232350.jpg,https://www.metro.ca/en/online-grocery/search-page-155
SMARTFOOD,Sour Cream And Onion Seasoned Popcorn,175 g,"2 / 
$7.50",,$2.14 /100g,"Regular price
$4.99  ea.","Valid until Jan 10, 2024",https://product-images.metro.ca/images/hed/hd6/12279445127198.jpg,https://www.metro.ca/en/online-grocery/search-page-155
KASHI,"Cinnamon Harvest Cereal, Oragnic Promise",460 g,"$7.49
 ea.",,$1.63 /100g,,,,https://www.metro.ca/en/online-grocery/search-page-155
IRRESISTIBLES,Frozen Tuxedo Cake,6 in - 800 g,"$21.99
 ea.",,$2.75 /100g,"Regular price
$23.49  ea.","Valid until Jan 17, 2024",https://product-images.metro.ca/images/hec/h1c/8861844996126.jpg,https://www.metro.ca/en/online-grocery/search-page-155
SELECTION,Fine Herbs,25 g,"$1.99
 ea.",,$7.96 /100g,,,https://product-images.metro.ca/images/he8/h93/9096953659422.jpg,https://www.metro.ca/en/online-grocery/search-page-155
RENÉE'S GOURMET,Asian Sesame Vinaigrette,350 mL,"$5.99
 ea.",,$1.71 /100ml,,,https://product-images.metro.ca/images/h3d/hd8/9986774106142.jpg,https://www.metro.ca/en/online-grocery/search-page-155
LA CROIX,Grapefruit Flavoured Sparkling Water,8x355 mL,"$6.29
 ea.",,$0.22 /100ml,,,https://product-images.metro.ca/images/h61/h0e/9999351611422.jpg,https://www.metro.ca/en/online-grocery/search-page-155
FRISKIES,"7 Flavours Dry Cat Food, 7",1.42 kg,"$7.79
 ea.",,$0.55 /100g,,,,https://www.metro.ca/en/online-grocery/search-page-155
,"Medium Ground Pork, Value Pack",A tray contains on average 800 g,"$11.00
 / 1000 g",,$11.00 /kg$4.99 /lb.,,,https://product-images.metro.ca/images/h1a/h50/8886489972766.jpg,https://www.metro.ca/en/online-grocery/search-page-155
IRRESISTIBLES,Camembert Cheese,170 g,"$8.00
 ea.",,$4.71 /100g,"Regular price
$8.49  ea.","Valid until Jan 10, 2024",https://www.metro.ca/images/shared/placeholders/icon-no-picture.svg?v=2023.71.1.d1,https://www.metro.ca/en/online-grocery/search-page-155
SELECTION,Chocolate Flavoured Syrup,700 mL,"$5.49
 ea.",,$0.78 /100ml,,,https://product-images.metro.ca/images/he6/h57/11521214185502.jpg,https://www.metro.ca/en/online-grocery/search-page-155
NATURE'S PATH,Organic Crunchy Honey Cereal,300 g,"$5.49
 ea.",,$1.83 /100g,"Regular price
$7.49  ea.","Valid until Feb 7, 2024",https://product-images.metro.ca/images/h02/h39/11492982161438.jpg,https://www.metro.ca/en/online-grocery/search-page-155
CLOVER LEAF,Spicy Peanut Satay Flaked Light Tuna,85 g,"$1.99
 ea.",,$2.34 /100g,"Regular price
$2.49  ea.","Valid until Jan 10, 2024",https://product-images.metro.ca/images/ha1/h24/11374790967326.jpg,https://www.metro.ca/en/online-grocery/search-page-155
MAPLE LEAF,"Frozen Ham And Mozzarella Stuffed Chicken Cutlets, P...",568 g,"$16.99
 ea.",,$2.99 /100g,,,,https://www.metro.ca/en/online-grocery/search-page-155
WAFU,"Japanese Style Spicy Spread, Mayonaizu",250 mL,"$6.49
 ea.",,$2.60 /100ml,"Regular price
$6.99  ea.","Valid until Jan 17, 2024",,https://www.metro.ca/en/online-grocery/search-page-155
KRAFT DINNER,Macaroni And Cheese Original Snack Cups,58 g,"$2.49
 ea.",,$4.29 /100g,,,https://product-images.metro.ca/images/h97/hb3/11849379414046.jpg,https://www.metro.ca/en/online-grocery/search-page-155
IRRESISTIBLES,Frozen Tuxedo Cake,4 in - 400 g,"$13.49
 ea.",,$3.37 /100g,,,https://product-images.metro.ca/images/h1f/h8e/8861502504990.jpg,https://www.metro.ca/en/online-grocery/search-page-155
MICHELINA'S,Frozen Chicken Fried Rice With Vegetables,255 g,"2 / 
$5.00",,$0.98 /100g,"Regular price
$3.69  ea.","Valid until Feb 14, 2024",https://product-images.metro.ca/images/h12/h8a/11760044539934.jpg,https://www.metro.ca/en/online-grocery/search-page-155
ROUGEMONT,Royal Gala Apple Juice,2 L,"$4.49
 ea.",,$0.22 /100ml,"Regular price
$4.99  ea.","Valid until Jan 24, 2024",https://product-images.metro.ca/images/haf/hb1/11937045741598.jpg,https://www.metro.ca/en/online-grocery/search-page-155
IRRESISTIBLES,"Greek Yogurt Tzatziki Dressing, Life Smart",475 mL,"$2.99
 ea.",,$0.63 /100ml,"Regular price
$3.49  ea.","Valid until Jan 24, 2024",,https://www.metro.ca/en/online-grocery/search-page-155
MOTT'S,"Low Sodium Vegetable Juice, Garden Cocktail",6x240 mL,"$5.79
 ea.",,$0.40 /100ml,,,,https://www.metro.ca/en/online-grocery/search-page-155
SELECTION,Extra Light Taste Olive Oil,1 L,"$12.99
 ea.",,$1.30 /100ml,"Regular price
$14.49  ea.","Valid until Feb 7, 2024",https://product-images.metro.ca/images/h96/hc1/10547104579614.jpg,https://www.metro.ca/en/online-grocery/search-page-155
CAMPBELL'S,"Homestyle Chili, Chunky",425 g,"$3.99
 ea.",,$0.94 /100g,,,,https://www.metro.ca/en/online-grocery/search-page-155
KRETSCHMER,Toasted Wheat Germ,340 g,"$6.99
 ea.",,$2.06 /100g,,,https://product-images.metro.ca/images/h18/hbb/11243924422686.jpg,https://www.metro.ca/en/online-grocery/search-page-155
RENÉE'S GOURMET,Half The Fat Caesar Dressing & Dip Individual Pack,43 mL,"$0.69
 ea.",,$1.60 /100ml,,,https://product-images.metro.ca/images/h59/ha8/9522507284510.jpg,https://www.metro.ca/en/online-grocery/search-page-155
BRUNSWICK,"Golden Smoked Herring Fillets, Seafood Snacks",92 g,"$2.69
 ea.",,$2.92 /100g,,,,https://www.metro.ca/en/online-grocery/search-page-155
ORVILLE REDENBACHER,Reduced Fat And Tans Fat-Free Single Serve Popping C...,248 g,"$5.49
 ea.",,$2.21 /100g,"Regular price
$6.99  ea.","Valid until Jan 24, 2024",,https://www.metro.ca/en/online-grocery/search-page-156
ROLD GOLD,Fudge Coated Mini Twists Pretzels,198 g,"$4.99
 ea.",,$2.52 /100g,,,https://product-images.metro.ca/images/hee/hbe/12279394140190.jpg,https://www.metro.ca/en/online-grocery/search-page-156
DOVE,"Daily Moisture Shampoo, Nutritive Solutions",355 mL,"$6.99
 ea.",,$1.97 /100ml,,,,https://www.metro.ca/en/online-grocery/search-page-156
BULL'S EYE,"Sweet And Smokey Chicken & Rib Barbecue Sauce, Chick...",425 mL,"$4.99
 ea.",,$1.17 /100ml,,,,https://www.metro.ca/en/online-grocery/search-page-156
IRRESISTIBLES,English Breakfast Tea Bags,72 un,"$3.29
 ea.",,$0.05 /un.,"Regular price
$4.19  ea.","Valid until Feb 7, 2024",https://product-images.metro.ca/images/h97/h99/8856173543454.jpg,https://www.metro.ca/en/online-grocery/search-page-156
IRRESISTIBLES,"Medium Roast K-Cup Coffee Pods, House Blend",30 un,"$15.99
 ea.",,$0.53 /un.,"Regular price
$16.99  ea.","Valid until Feb 7, 2024",,https://www.metro.ca/en/online-grocery/search-page-156
PEPPERIDGE FARM,Screamin' Salt & Vinegar Flavour Blasted® Baked Crac...,180 g,"$3.49
 ea.",,"Buy 2, get the 3rd free $1.94 /100g","Regular price
$4.19  ea.","Valid until Jan 10, 2024",,https://www.metro.ca/en/online-grocery/search-page-156
SELECTION,Brown Gravy Mix,21 g,"$0.99
 ea.",,$4.71 /100g,"Regular price
$1.49  ea.","Valid until Jan 24, 2024",https://product-images.metro.ca/images/h26/h42/9719589175326.jpg,https://www.metro.ca/en/online-grocery/search-page-156
GARDEIN,Frozen Lightly Breaded Plant-Based Turk'Y Cutlets,300 g,"$6.99
 ea.",,$2.33 /100g,"Regular price
$7.49  ea.","Valid until Feb 14, 2024",https://product-images.metro.ca/images/he8/h27/11665394630686.jpg,https://www.metro.ca/en/online-grocery/search-page-156
GAY LEA,Whipped Coconut Cream,225 g,"$5.29
 ea.",,$2.35 /100g,,,https://product-images.metro.ca/images/ha2/h43/9527823990814.jpg,https://www.metro.ca/en/online-grocery/search-page-156
CHEF LELARGE,"White Wine Suprême Sauce Mix, Fine Cuisine",39 g,"3 / 
$5.00",,$4.27 /100g,"Regular price
$2.69  ea.","Valid until Jan 10, 2024",,https://www.metro.ca/en/online-grocery/search-page-156
BLUEWATER SEAFOODS,Frozen Traditional Breaded Alaska Pollock Fillets,300 g,"$5.99
 ea.",,$2.00 /100g,"Regular price
$7.99  ea.","Valid until Jan 17, 2024",https://product-images.metro.ca/images/h45/h6d/12048173465630.jpg,https://www.metro.ca/en/online-grocery/search-page-156
HIGH LINER,Frozen Fish Sticks In Tempura Batter In A Family Pack,700 g,"$8.99
 ea.",,$1.28 /100g,"Regular price
$12.99  ea.","Valid until Jan 17, 2024",https://product-images.metro.ca/images/h30/h53/11188439613470.jpg,https://www.metro.ca/en/online-grocery/search-page-156
KNOX,Unflavoured Gelatine In Pouches,12x7 g,"$5.79
 ea.",,$6.89 /100g,,,https://product-images.metro.ca/images/h6c/hb1/11351658692638.jpg,https://www.metro.ca/en/online-grocery/search-page-156
OREO,Baking Cookie Crumbs,400 g,"$5.79
 ea.",,$1.45 /100g,,,https://product-images.metro.ca/images/h18/h11/11816866643998.jpg,https://www.metro.ca/en/online-grocery/search-page-156
LA FOURNÉE DORÉE,Milk Brioche Rolls,"10 brioche rolls, 350 g","$7.99
 ea.",,$2.28 /100g,,,https://product-images.metro.ca/images/h06/he0/11754128965662.jpg,https://www.metro.ca/en/online-grocery/search-page-156
A TASTE OF THAI,Fish Sauce,207 mL,"$2.89
 ea.",,$1.40 /100ml,,,https://product-images.metro.ca/images/h2c/h83/12083880689694.jpg,https://www.metro.ca/en/online-grocery/search-page-156
TETLEY,Pure Green Tea,24 un,"$3.99
 ea.",,$0.17 /un.,"Regular price
$4.99  ea.","Valid until Feb 7, 2024",https://product-images.metro.ca/images/h4f/h84/9518986625054.jpg,https://www.metro.ca/en/online-grocery/search-page-156
HIGH LINER,"Frozen Savoury Herb Lightly Breaded Cod Fillets, Pan...",540 g,"$18.99
 ea.",,$3.52 /100g,,,,https://www.metro.ca/en/online-grocery/search-page-156
SELECTION,Reduced Salt Chicken Bouillon Concentrate,500 mL,"$5.49
 ea.",,$1.10 /100ml,"Regular price
$6.99  ea.","Valid until Jan 10, 2024",https://product-images.metro.ca/images/h51/hc1/11521234173982.jpg,https://www.metro.ca/en/online-grocery/search-page-156
NATREL,Salted Lactose Free Butter,250 g,"$5.99
 ea.",,$2.40 /100g,"Regular price
$6.79  ea.","Valid until Feb 14, 2024",https://product-images.metro.ca/images/h69/hed/9522574884894.jpg,https://www.metro.ca/en/online-grocery/search-page-156
ALCAN,Aluminum Foil,7.62 m,"$4.49
 ea.",,$4.49 /un.,"Regular price
$5.79  ea.","Valid until Feb 7, 2024",https://product-images.metro.ca/images/ha5/h24/12210185863198.jpg,https://www.metro.ca/en/online-grocery/search-page-156
SELECTION,Ground Nutmeg,130 g,"$4.99
 ea.",,$3.84 /100g,,,https://product-images.metro.ca/images/h5f/h03/9020161818654.jpg,https://www.metro.ca/en/online-grocery/search-page-156
SUMMER FRESH,Mexican Dip Selection,500 g,"$8.79
 ea.",,$1.76 /100g,,,https://product-images.metro.ca/images/hf2/h7f/9213080174622.jpg,https://www.metro.ca/en/online-grocery/search-page-156
RENÉE'S GOURMET,Coleslaw Dressing,355 mL,"$5.99
 ea.",,$1.69 /100ml,,,https://product-images.metro.ca/images/h31/h3e/9986761228318.jpg,https://www.metro.ca/en/online-grocery/search-page-156
,Big Red Grapefruit,Sold individually,"$2.99
 ea.",,$2.99 /un.,,,https://product-images.metro.ca/images/hd0/h72/8874244997150.jpg,https://www.metro.ca/en/online-grocery/search-page-156
UNICO,Pickled Mixed Vegetables,750 mL,"$3.49
 ea.",,$0.47 /100ml,"Regular price
$3.99  ea.","Valid until Jan 24, 2024",https://product-images.metro.ca/images/h35/he8/9149486956574.jpg,https://www.metro.ca/en/online-grocery/search-page-156
,Golden Beets,1 bunch,"$4.99
 ea.",,$499.00 /100un.,,,https://product-images.metro.ca/images/h24/ha0/8893591486494.jpg,https://www.metro.ca/en/online-grocery/search-page-156
CHARLEVOISIENNE,Red Deer Terrine With Cranberries,125 g,"$4.99
 ea.",,$3.99 /100g,,,https://product-images.metro.ca/images/h90/h82/11449547816990.jpg,https://www.metro.ca/en/online-grocery/search-page-156
CEDAR,Dark Red Kidney Beans,540 mL,"$1.99
 ea.",,$0.37 /100ml,"Regular price
$2.79  ea.","Valid until Jan 24, 2024",https://product-images.metro.ca/images/h2c/h0f/9719609917470.jpg,https://www.metro.ca/en/online-grocery/search-page-156
AURORA,Pappardelle Egg Pasta,250 g,"$3.79
 ea.",,$1.52 /100g,,,https://product-images.metro.ca/images/h30/h19/11754133520414.jpg,https://www.metro.ca/en/online-grocery/search-page-157
MILK BONE,"Chicken Flavoured Dog Treats, Soft & Chewy",113 g,"$2.99
 ea.",,$2.65 /100g,,,,https://www.metro.ca/en/online-grocery/search-page-157
NUTS TO YOU NUT BUTTER,Crunchy Organic Peanut Butter,500 g,"$6.99
 ea.",,$1.40 /100g,"Regular price
$7.99  ea.","Valid until Feb 7, 2024",https://product-images.metro.ca/images/h78/hec/11412530069534.jpg,https://www.metro.ca/en/online-grocery/search-page-157
IRRESISTIBLES,Lime And Chili Flavoured Roasted Peanuts,250 g,"$3.99
 ea.",,$1.60 /100g,,,https://product-images.metro.ca/images/hc2/h19/11521971716126.jpg,https://www.metro.ca/en/online-grocery/search-page-157
AKI SUSHI,Chicken Poke Bowl,347 g,"$14.99
 ea.",,$4.32 /100g,,,https://product-images.metro.ca/images/hd9/h62/11195832696862.jpg,https://www.metro.ca/en/online-grocery/search-page-157
ÎLE D'ORLÉANS,Black Garlic,70 g,"$9.99
 ea.",,$14.27 /100g,,,https://product-images.metro.ca/images/h73/h2b/9647191621662.jpg,https://www.metro.ca/en/online-grocery/search-page-157
,Cranberry Fitness Mix,250 g,"$4.99
 ea.",,$2.00 /100g,,,https://product-images.metro.ca/images/heb/hdd/10541545685022.jpg,https://www.metro.ca/en/online-grocery/search-page-157
,Unsalted Deluxe Nut Mix,150 g,"$5.99
 ea.",,$3.99 /100g,,,https://product-images.metro.ca/images/hb3/hb9/10542353580062.jpg,https://www.metro.ca/en/online-grocery/search-page-157
LANDISH,Marine Collagen Beauty Blend,300 g,"$59.99
 ea.",,$20.00 /100g,,,https://product-images.metro.ca/images/hba/h96/11360224313374.jpg,https://www.metro.ca/en/online-grocery/search-page-157
METROGO!,Broccoli Florets,220 g,"$3.99
 ea.",,$1.81 /100g,,,https://product-images.metro.ca/images/h64/h0a/11979616616478.jpg,https://www.metro.ca/en/online-grocery/search-page-157
VALLE DELLA ROSA,Italian Red Wine,750 mL,"$13.99
 ea.",,$1.87 /100ml,"Regular price
$15.49  ea.","Valid until Feb 7, 2024",https://product-images.metro.ca/images/hcc/hc8/10433172275230.jpg,https://www.metro.ca/en/online-grocery/search-page-157
METROGO!,Half Brussels Sprouts,225 g,"$2.99
 ea.",,$1.33 /100g,,,https://product-images.metro.ca/images/h7b/hd2/11122411143198.jpg,https://www.metro.ca/en/online-grocery/search-page-157
METROGO!,Cobb Salad,,"$7.99
 ea.",(280 ea. avg.),$2.05 /100g,,,https://product-images.metro.ca/images/h91/he4/10025887006750.jpg,https://www.metro.ca/en/online-grocery/search-page-157
LANDISH,Hydrolyzed Marine Collagen,250 g,"$49.99
 ea.",,$20.00 /100g,,,https://product-images.metro.ca/images/h09/h09/11354592378910.jpg,https://www.metro.ca/en/online-grocery/search-page-157
,Dark Chocolate Macaroon Candy,250 g,"$2.99
 ea.",,$1.20 /100g,,,https://product-images.metro.ca/images/hf5/h6c/10542585544734.jpg,https://www.metro.ca/en/online-grocery/search-page-157
,Salted Herbs,250 mL,"$3.99
 ea.",,$1.60 /100ml,,,https://product-images.metro.ca/images/h78/h99/9310701092894.jpg,https://www.metro.ca/en/online-grocery/search-page-157
,"Extra Lean Ground Pork, Value Pack",A tray contains on average 1200 g,"$15.05
 / 1200 g",,$12.54 /kg$5.69 /lb.,,,https://product-images.metro.ca/images/h92/hc8/9249701888030.jpg,https://www.metro.ca/en/online-grocery/search-page-157
,Soya Flavoured Almonds,175 g,"$4.99
 ea.",,$2.85 /100g,,,https://product-images.metro.ca/images/h9e/he1/10931436716062.jpg,https://www.metro.ca/en/online-grocery/search-page-157
,Garlic In Basket,200 g,"$4.99
 ea.",,$2.50 /100g,,,https://product-images.metro.ca/images/hd5/h42/10246141575198.jpg,https://www.metro.ca/en/online-grocery/search-page-157
,Milk Chocolate Malted Ball,200 g,"$4.99
 ea.",,$2.50 /100g,,,https://product-images.metro.ca/images/haa/hbd/10936522407966.jpg,https://www.metro.ca/en/online-grocery/search-page-157
JOHNVINCE,Chocolate Coated Red Cherry,150 g,"$5.99
 ea.",,$3.99 /100g,,,https://product-images.metro.ca/images/h9f/h5d/10541553745950.jpg,https://www.metro.ca/en/online-grocery/search-page-157
,Sesame Seed,,"$3.99
 ea.",,$1.33 /100g,,,https://www.metro.ca/images/shared/placeholders/icon-no-picture.svg?v=2023.71.1.d1,https://www.metro.ca/en/online-grocery/search-page-157
OLYMEL,Mock Chicken Meat Loaf,400 g,"$6.00
 ea.",,$1.50 /100g,,,https://product-images.metro.ca/images/h0d/he9/10794571759646.jpg,https://www.metro.ca/en/online-grocery/search-page-157
OLYMEL,Duo Bologna,400 g,"$6.00
 ea.",,$1.50 /100g,,,https://product-images.metro.ca/images/h45/hdf/10794813128734.jpg,https://www.metro.ca/en/online-grocery/search-page-157
SELECTION,Old-Fashioned Smoked Shaved Ham,400 g,"$10.99
 ea.",,$2.75 /100g,,,https://product-images.metro.ca/images/h16/h2f/11521785823262.jpg,https://www.metro.ca/en/online-grocery/search-page-157
METROGO!,Sweet Potato Cubes,245 g,"$1.99
 ea.",,$0.80 /100g,,,https://product-images.metro.ca/images/hd1/h46/11979617370142.jpg,https://www.metro.ca/en/online-grocery/search-page-157
METROGO!,Broccoli And Cauliflower Florets,200 g,"$3.99
 ea.",,$2.00 /100g,,,https://product-images.metro.ca/images/h6e/h46/11117411794974.jpg,https://www.metro.ca/en/online-grocery/search-page-157
,Frozen Cooked Garlic Shrimp,,"$3.49
 / 100 g",,$34.90 /kg$15.83 /lb.,,,https://product-images.metro.ca/images/h8f/hab/9999544647710.jpg,https://www.metro.ca/en/online-grocery/search-page-157
JOHNVINCE,Natural Pecan Halves,125 g,"$6.99
 ea.",,$5.59 /100g,,,https://product-images.metro.ca/images/h68/h60/10541964558366.jpg,https://www.metro.ca/en/online-grocery/search-page-157
,Salt And Pepper Pistachios,150 g,"$5.99
 ea.",,$3.99 /100g,,,https://product-images.metro.ca/images/h03/had/10541550469150.jpg,https://www.metro.ca/en/online-grocery/search-page-157
JOHNVINCE,Cranberry Mix Cocktail,250 g,"$4.29
 ea.",,$1.72 /100g,,,https://product-images.metro.ca/images/h38/h3c/10541550075934.jpg,https://www.metro.ca/en/online-grocery/search-page-158
,Salted Almond,175 g,"$4.49
 ea.",,$2.57 /100g,,,https://product-images.metro.ca/images/h78/h68/10931437699102.jpg,https://www.metro.ca/en/online-grocery/search-page-158
,Deglet Nour Dates,200 g,"$1.99
 ea.",,$1.00 /100g,,,https://www.metro.ca/images/shared/placeholders/icon-no-picture.svg?v=2023.71.1.d1,https://www.metro.ca/en/online-grocery/search-page-158
MERIT,Apple Turnovers,4x88 g,"$5.79
 ea.",,$1.64 /100g,,,https://www.metro.ca/images/shared/placeholders/icon-no-picture.svg?v=2023.71.1.d1,https://www.metro.ca/en/online-grocery/search-page-158
ORVILLE REDENBACHER,"Brown Sugar And Sea Salt Flavoured Popcorn, Gourmet",190 g,"$4.79
 ea.",,$2.52 /100g,,,,https://www.metro.ca/en/online-grocery/search-page-158
SUNRISE,Smoked Tofu,180 g,"$4.99
 ea.",,$2.77 /100g,,,https://product-images.metro.ca/images/h9b/h1b/12146351013918.jpg,https://www.metro.ca/en/online-grocery/search-page-158
SUNRISE,Firm Tofu,500 g,"$3.99
 ea.",,$0.80 /100g,,,https://product-images.metro.ca/images/h8b/h5d/11094950739998.jpg,https://www.metro.ca/en/online-grocery/search-page-158
SOYGANIC,Organic Pressed Tofu,400 g,"$4.99
 ea.",,$1.25 /100g,,,https://www.metro.ca/images/shared/placeholders/icon-no-picture.svg?v=2023.71.1.d1,https://www.metro.ca/en/online-grocery/search-page-158
LOOP,Morning Glory Raw Cold Pressed Juice,355 mL,"$5.99
 ea.",,$1.69 /100ml,,,https://product-images.metro.ca/images/hf7/h41/9213180641310.jpg,https://www.metro.ca/en/online-grocery/search-page-158
LOOP,Big Bang Raw Cold Pressed Juice,355 mL,"$5.99
 ea.",,$1.69 /100ml,,,https://product-images.metro.ca/images/h9c/h94/11541164949534.jpg,https://www.metro.ca/en/online-grocery/search-page-158
LOOP,Morning Glory Raw Cold Pressed Juice,947 mL,"$8.99
 ea.",,$0.90 /100ml,"Regular price
$9.99  ea.","Valid until Jan 17, 2024",https://product-images.metro.ca/images/h5c/h2a/11754224844830.jpg,https://www.metro.ca/en/online-grocery/search-page-158
LOOP,Better Together Raw Cold Pressed Juice,947 mL,"$8.99
 ea.",,$0.90 /100ml,"Regular price
$9.99  ea.","Valid until Jan 17, 2024",https://product-images.metro.ca/images/h07/heb/12174983233566.jpg,https://www.metro.ca/en/online-grocery/search-page-158
LOOP,"Ginger, Lemon And Northern Plant Flavoured Sparkling...",355 mL,"2 / 
$6.00",,$0.85 /100ml,"Regular price
$3.99  ea.","Valid until Jan 17, 2024",,https://www.metro.ca/en/online-grocery/search-page-158
LOOP,"Orange, Clementine And Northern Plant Flavoured Spar...",355 mL,"2 / 
$6.00",,$0.85 /100ml,"Regular price
$3.99  ea.","Valid until Jan 17, 2024",,https://www.metro.ca/en/online-grocery/search-page-158
LOOP,Green Vibes Cold-Pressed Smoothie,1 L,"$8.99
 ea.",,$0.90 /100ml,"Regular price
$9.99  ea.","Valid until Jan 17, 2024",https://product-images.metro.ca/images/hac/h13/11541270364190.jpg,https://www.metro.ca/en/online-grocery/search-page-158
LOOP,Magic Sip Raw Cold-Pressed Juice,1 L,"$8.99
 ea.",,$0.90 /100ml,"Regular price
$9.99  ea.","Valid until Jan 17, 2024",https://product-images.metro.ca/images/hbb/hbd/12175123218462.jpg,https://www.metro.ca/en/online-grocery/search-page-158
LOOP,Early Bird Cold-Pressed Smoothie,1 L,"$8.99
 ea.",,$0.90 /100ml,"Regular price
$9.99  ea.","Valid until Jan 17, 2024",https://product-images.metro.ca/images/hca/hb0/11754323083294.jpg,https://www.metro.ca/en/online-grocery/search-page-158
LOOP,Recover Shot Raw Cold Pressed Juice,4x73 mL,"$10.99
 ea.",,$3.76 /100ml,"Regular price
$14.99  ea.","Valid until Jan 17, 2024",https://product-images.metro.ca/images/h50/hed/12175138455582.jpg,https://www.metro.ca/en/online-grocery/search-page-158
LOOP,Booster Shot Raw Cold Pressed Juice,4x73 mL,"$10.99
 ea.",,$3.76 /100ml,"Regular price
$14.99  ea.","Valid until Jan 17, 2024",https://product-images.metro.ca/images/h83/hc1/12175136915486.jpg,https://www.metro.ca/en/online-grocery/search-page-158
HERSHEY'S,"Semi-Sweet Chocolate Chips, Chipits",925 g,"$12.99
 ea.",,$1.40 /100g,,,,https://www.metro.ca/en/online-grocery/search-page-158
HERSHEY'S,"Milk Chocolate Chips, Chipits",835 g,"$12.99
 ea.",,$1.56 /100g,,,,https://www.metro.ca/en/online-grocery/search-page-158
HERSHEY'S,"Dark Chocolate Chips, Chipits",775 g,"$12.99
 ea.",,$1.68 /100g,,,,https://www.metro.ca/en/online-grocery/search-page-158
LOOP,Deep Green Cold Pressed Juice,355 mL,"$5.99
 ea.",,$1.69 /100ml,,,https://product-images.metro.ca/images/h72/hf2/11541291663390.jpg,https://www.metro.ca/en/online-grocery/search-page-158
LOOP,Sparkling Grapefruit Beverage,355 mL,"2 / 
$6.00",,$0.85 /100ml,"Regular price
$3.99  ea.","Valid until Jan 17, 2024",https://product-images.metro.ca/images/hb7/h36/11399428177950.jpg,https://www.metro.ca/en/online-grocery/search-page-158
LOOP,"Strawberry And Lemon Lemonade, Strawberry Crush",1 L,"$6.99
 ea.",,$0.70 /100ml,"Regular price
$7.99  ea.","Valid until Jan 17, 2024",,https://www.metro.ca/en/online-grocery/search-page-158
VH,Mango And Chili Cooking Sauce,341 mL,"$2.50
 ea.",,$0.73 /100ml,"Regular price
$4.99  ea.","Valid until Mar 28, 2024",https://product-images.metro.ca/images/h9f/h72/9520171253790.jpg,https://www.metro.ca/en/online-grocery/search-page-158
PLANTERS,Raw Walnut Halves And Pieces,300 g,"$6.99
 ea.",,$2.33 /100g,"Regular price
$7.99  ea.","Valid until Jan 24, 2024",https://product-images.metro.ca/images/hce/h5b/9536646086686.jpg,https://www.metro.ca/en/online-grocery/search-page-158
ST-DONAT BAKERY,Lactose Free Creamy Fudge Pie,590 g,"$11.99
 ea.",,$2.03 /100g,,,https://product-images.metro.ca/images/hce/he0/11541263974430.jpg,https://www.metro.ca/en/online-grocery/search-page-158
VH,Lemon And Herb Peri Peri Cooking Sauce,341 mL,"2 / 
$8.00",,$1.17 /100ml,"Regular price
$4.99  ea.","Valid until Jan 24, 2024",https://product-images.metro.ca/images/h75/h14/9774062370846.jpg,https://www.metro.ca/en/online-grocery/search-page-158
PLANTERS,Maple Syrup Flavoured Peanut,200 g,"$2.69
 ea.",,$1.35 /100g,"Regular price
$3.49  ea.","Valid until Jan 24, 2024",https://product-images.metro.ca/images/h8b/h0d/12175246819358.jpg,https://www.metro.ca/en/online-grocery/search-page-158
BOULANGERIE SAINT-DONAT,Nun'S Pastry,275 g,"$6.99
 ea.",,$2.54 /100g,,,https://product-images.metro.ca/images/h86/hd3/11541350383646.jpg,https://www.metro.ca/en/online-grocery/search-page-159
BOULANGERIE SAINT-DONAT,Dates Squares,500 g,"$10.99
 ea.",,$2.20 /100g,,,https://product-images.metro.ca/images/h55/h07/10268434825246.jpg,https://www.metro.ca/en/online-grocery/search-page-159
BOULANGERIE SAINT-DONAT,Brownies,500 g,"$10.99
 ea.",,$2.20 /100g,,,https://product-images.metro.ca/images/hfa/had/10823292387358.jpg,https://www.metro.ca/en/online-grocery/search-page-159
BEN'S ORIGINAL,Organic Tomato And Roasted Garlic Flavoured Brown Ri...,240 g,"$4.99
 ea.",,$2.08 /100kg,,,,https://www.metro.ca/en/online-grocery/search-page-159
BEN'S ORIGINAL,Organic Basmati Rice,240 g,"$4.99
 ea.",,$2.08 /100kg,,,https://product-images.metro.ca/images/h17/hca/12245575041054.jpg,https://www.metro.ca/en/online-grocery/search-page-159
STARBURST,Fruits Flavoured Original Candy,122 g,"$3.69
 ea.",,$3.02 /100g,"Regular price
$4.19  ea.","Valid until Jan 24, 2024",https://product-images.metro.ca/images/hf1/h80/11522043379742.jpg,https://www.metro.ca/en/online-grocery/search-page-159
BEN'S ORIGINAL,Wholegrain Brown Rice,2.2 kg,"$8.99
 ea.",,$0.41 /100g,"Regular price
$10.99  ea.","Valid until Jan 24, 2024",https://product-images.metro.ca/images/hdf/h9a/12245675540510.jpg,https://www.metro.ca/en/online-grocery/search-page-159
BEN'S ORIGINAL,"Long Grain Rice, Converted",2.2 kg,"$8.99
 ea.",,$0.41 /100g,"Regular price
$10.99  ea.","Valid until Jan 24, 2024",,https://www.metro.ca/en/online-grocery/search-page-159
BEN'S ORIGINAL,"Chinese Five Spice-Style Rice, 10 Medley",240 g,"$4.99
 ea.",,$2.08 /100g,,,,https://www.metro.ca/en/online-grocery/search-page-159
BEN'S ORIGINAL,"Caribbean-Style Rice, 10 Medley",240 g,"$4.99
 ea.",,$2.08 /100g,,,,https://www.metro.ca/en/online-grocery/search-page-159
BEN'S ORIGINAL,"Smoky Southwest-Style Rice, 10 Medley",240 g,"$4.99
 ea.",,$2.08 /100g,,,,https://www.metro.ca/en/online-grocery/search-page-159
BOULANGERIE SAINT-DONAT,Devil'S Cake,435 g,"$12.99
 ea.",,$2.99 /100g,,,https://product-images.metro.ca/images/h17/h23/11849757458462.jpg,https://www.metro.ca/en/online-grocery/search-page-159
BOULANGERIE SAINT-DONAT,Carrot Cake,460 g,"$12.99
 ea.",,$2.82 /100g,,,https://product-images.metro.ca/images/hc3/h2a/11849685041182.jpg,https://www.metro.ca/en/online-grocery/search-page-159
AGGA COFFEE,Smooth Satiny Coffee Capsule,10 un,"$6.99
 ea.",,$0.70 /un.,,,https://product-images.metro.ca/images/he6/h31/12051092733982.jpg,https://www.metro.ca/en/online-grocery/search-page-159
DR. OETKER,Organic Vanilla Bean Paste,50 g,"$10.99
 ea.",,$21.98 /100g,,,https://product-images.metro.ca/images/h8c/h58/10455286906910.jpg,https://www.metro.ca/en/online-grocery/search-page-159
,Dried Mango Slices,200 g,"$3.99
 ea.",,$2.00 /100g,,,https://product-images.metro.ca/images/hdd/h64/12354507833374.jpg,https://www.metro.ca/en/online-grocery/search-page-159
,Pitted Dates,400 g,"$3.99
 ea.",,$1.00 /100g,,,https://product-images.metro.ca/images/hc8/ha5/12354508292126.jpg,https://www.metro.ca/en/online-grocery/search-page-159
JOHNVINCE,California Walnut Halves,200 g,"$4.99
 ea.",,$2.50 /100g,,,https://product-images.metro.ca/images/h99/h71/10541987889182.jpg,https://www.metro.ca/en/online-grocery/search-page-159
,Non Sugar Added Chocolate Almond,125 g,"$4.99
 ea.",,$3.99 /100g,,,https://product-images.metro.ca/images/hce/hf4/10931438485534.jpg,https://www.metro.ca/en/online-grocery/search-page-159
,Crumb California Walnut,200 g,"$5.79
 ea.",,$2.90 /100g,,,https://product-images.metro.ca/images/hfe/h90/10541921239070.jpg,https://www.metro.ca/en/online-grocery/search-page-159
,Unsalted White Pistachio,150 g,"$5.99
 ea.",,$3.99 /100g,,,https://product-images.metro.ca/images/h2f/h9f/10541551943710.jpg,https://www.metro.ca/en/online-grocery/search-page-159
,White Almond Slices,150 g,"$4.99
 ea.",,$3.33 /100g,,,https://product-images.metro.ca/images/h92/hb9/12354483650590.jpg,https://www.metro.ca/en/online-grocery/search-page-159
,Dried Cranberry,250 g,"$4.29
 ea.",,$1.72 /100g,,,https://product-images.metro.ca/images/hb5/h5e/12354480930846.jpg,https://www.metro.ca/en/online-grocery/search-page-159
,Natural Almond,200 g,"$5.99
 ea.",,$3.00 /100g,,,https://product-images.metro.ca/images/he7/he4/10931440320542.jpg,https://www.metro.ca/en/online-grocery/search-page-159
JOHNVINCE,Mini M&M,150 g,"$5.99
 ea.",,$3.99 /100g,,,https://product-images.metro.ca/images/h3b/h33/10542212546590.jpg,https://www.metro.ca/en/online-grocery/search-page-159
JOHNVINCE,"Chocolate, Caramel, And Peanut Clusters",200 g,"$4.69
 ea.",,$2.35 /100g,,,https://product-images.metro.ca/images/h88/h7b/10936522604574.jpg,https://www.metro.ca/en/online-grocery/search-page-159
,Raw Sunflower Seed,350 g,"$3.99
 ea.",,$1.14 /100g,,,https://product-images.metro.ca/images/h4b/hf2/12354500591646.jpg,https://www.metro.ca/en/online-grocery/search-page-159
,Unsalted Hulled Pistachios,100 g,"$5.99
 ea.",,$5.99 /100g,,,https://product-images.metro.ca/images/h25/h49/12354480046110.jpg,https://www.metro.ca/en/online-grocery/search-page-159
JOHNVINCE,Yogurt Covered Raisins,200 g,"$3.99
 ea.",,$2.00 /100g,,,https://product-images.metro.ca/images/hb1/h1d/12354484568094.jpg,https://www.metro.ca/en/online-grocery/search-page-159
JOHNVINCE,Thompson Raisins,300 g,"$5.99
 ea.",,$2.00 /100g,,,https://product-images.metro.ca/images/h86/h45/10936520605726.jpg,https://www.metro.ca/en/online-grocery/search-page-159
JOHNVINCE,Golden Raisins,300 g,"$5.99
 ea.",,$2.00 /100g,,,https://product-images.metro.ca/images/h69/h0d/10542085603358.jpg,https://www.metro.ca/en/online-grocery/search-page-160
,Dark Chocolate Almonds,175 g,"$3.99
 ea.",,$2.28 /100g,,,https://product-images.metro.ca/images/haf/he7/12354485190686.jpg,https://www.metro.ca/en/online-grocery/search-page-160
,Salted Pistachios,150 g,"$4.99
 ea.",,$3.33 /100g,,,https://product-images.metro.ca/images/h77/h2d/12354481815582.jpg,https://www.metro.ca/en/online-grocery/search-page-160
JOHNVINCE,Sultana Raisins,350 g,"$2.99
 ea.",,$0.85 /100g,,,https://product-images.metro.ca/images/h22/hef/12354517499934.jpg,https://www.metro.ca/en/online-grocery/search-page-160
,Pitted Prunes,225 g,"$4.99
 ea.",,$2.22 /100g,,,https://product-images.metro.ca/images/h60/h0b/12354509570078.jpg,https://www.metro.ca/en/online-grocery/search-page-160
JOHNVINCE,Dark Chocolate Covered Raisins,200 g,"$4.99
 ea.",,$2.50 /100g,,,https://product-images.metro.ca/images/h8c/h25/10541544833054.jpg,https://www.metro.ca/en/online-grocery/search-page-160
,Pine Nut,100 g,"$11.99
 ea.",,$11.99 /100g,,,https://product-images.metro.ca/images/h02/h88/12354479718430.jpg,https://www.metro.ca/en/online-grocery/search-page-160
JOHNVINCE,Raw Cashew,150 g,"$4.99
 ea.",,$3.33 /100g,,,https://product-images.metro.ca/images/h46/h3c/12354512125982.jpg,https://www.metro.ca/en/online-grocery/search-page-160
JOHNVINCE,Salted Roasted Cashews,150 g,"$4.99
 ea.",,$3.33 /100g,,,https://product-images.metro.ca/images/hc8/h2c/12354517729310.jpg,https://www.metro.ca/en/online-grocery/search-page-160
JOHNVINCE,Unsalted Roasted Cashews,150 g,"$4.99
 ea.",,$3.33 /100g,,,https://product-images.metro.ca/images/hed/h7b/10542422392862.jpg,https://www.metro.ca/en/online-grocery/search-page-160
,Salted Sunflower Seeds,350 g,"$3.99
 ea.",,$1.14 /100g,,,https://product-images.metro.ca/images/h68/he1/12354501279774.jpg,https://www.metro.ca/en/online-grocery/search-page-160
,Unsalted Sunflower Seed,350 g,"$3.99
 ea.",,$1.14 /100g,,,https://product-images.metro.ca/images/hfd/h17/12354482241566.jpg,https://www.metro.ca/en/online-grocery/search-page-160
,BBQ Flavoured Toasted Corn,250 g,"$3.49
 ea.",,$1.40 /100g,,,https://product-images.metro.ca/images/h48/had/12354532802590.jpg,https://www.metro.ca/en/online-grocery/search-page-160
,Sliced Ginger,250 g,"$4.99
 ea.",,$2.00 /100g,,,https://product-images.metro.ca/images/he4/h51/10542155005982.jpg,https://www.metro.ca/en/online-grocery/search-page-160
,Old Fashioned Peanuts,300 g,"$3.99
 ea.",,$1.33 /100g,,,https://product-images.metro.ca/images/hd2/hd6/10541797376030.jpg,https://www.metro.ca/en/online-grocery/search-page-160
,Yogurt Covered Cranberries,250 g,"$4.99
 ea.",,$2.00 /100g,,,https://product-images.metro.ca/images/hae/hd2/10541543161886.jpg,https://www.metro.ca/en/online-grocery/search-page-160
,Salted In Shell Pumpkin Seed,200 g,"$4.99
 ea.",,$2.50 /100g,,,https://product-images.metro.ca/images/h2a/h57/10541746585630.jpg,https://www.metro.ca/en/online-grocery/search-page-160
,Pineapple Chunks,300 g,"$5.99
 ea.",,$2.00 /100g,,,https://product-images.metro.ca/images/haf/h58/10541548208158.jpg,https://www.metro.ca/en/online-grocery/search-page-160
,Unsalted Pumpkin Seed,200 g,"$4.99
 ea.",,$2.50 /100g,,,https://product-images.metro.ca/images/h35/hc3/10794098327582.jpg,https://www.metro.ca/en/online-grocery/search-page-160
,Praline Peanuts,350 g,"$3.99
 ea.",,$1.14 /100g,,,https://product-images.metro.ca/images/h41/h0e/12354513207326.jpg,https://www.metro.ca/en/online-grocery/search-page-160
,Banana Chips,250 g,"$3.99
 ea.",,$1.60 /100g,,,https://product-images.metro.ca/images/hb2/h91/10936541020190.jpg,https://www.metro.ca/en/online-grocery/search-page-160
,Yogurt Coated Peanut,200 g,"$2.99
 ea.",,$1.50 /100g,,,https://product-images.metro.ca/images/h8c/h0e/10936520704030.jpg,https://www.metro.ca/en/online-grocery/search-page-160
,Yogurt Almonds,225 g,"$4.99
 ea.",,$2.22 /100g,,,https://product-images.metro.ca/images/h8c/h3a/10931441303582.jpg,https://www.metro.ca/en/online-grocery/search-page-160
,Milk Chocolate Coated Cranberry,200 g,"$4.39
 ea.",,$2.20 /100g,,,https://product-images.metro.ca/images/ha7/hf0/10936520769566.jpg,https://www.metro.ca/en/online-grocery/search-page-160
,Dark Chocolate Coated Cranberry,200 g,"$4.99
 ea.",,$2.50 /100g,,,https://product-images.metro.ca/images/h2b/h66/12354484142110.jpg,https://www.metro.ca/en/online-grocery/search-page-160
,Dark Chocolate Coated Peanut,200 g,"$3.99
 ea.",,$2.00 /100g,,,https://product-images.metro.ca/images/hfc/h60/10931440058398.jpg,https://www.metro.ca/en/online-grocery/search-page-160
,Chocolate Almonds,250 g,"$5.99
 ea.",,$2.40 /100g,,,https://product-images.metro.ca/images/hb5/h5c/12354480373790.jpg,https://www.metro.ca/en/online-grocery/search-page-160
JOHNVINCE,Milk Chocolate Covered Raisins,225 g,"$4.29
 ea.",,$1.91 /100g,,,https://product-images.metro.ca/images/h98/h6f/12354481618974.jpg,https://www.metro.ca/en/online-grocery/search-page-160
JOHNVINCE,Chocolate Coated Cashews,200 g,"$4.99
 ea.",,$2.50 /100g,,,https://product-images.metro.ca/images/h86/h8e/10541548666910.jpg,https://www.metro.ca/en/online-grocery/search-page-160
,Milk Chocolate Coated Peanuts,250 g,"$3.99
 ea.",,$1.60 /100g,,,https://product-images.metro.ca/images/hd3/h8c/12354483421214.jpg,https://www.metro.ca/en/online-grocery/search-page-160
,Macaroons,,"$3.99
 ea.",,$1.33 /100g,,,https://product-images.metro.ca/images/hce/h81/10541871169566.jpg,https://www.metro.ca/en/online-grocery/search-page-161
,Wild Mix,,"$4.29
 ea.",,$1.72 /100g,,,https://product-images.metro.ca/images/hae/h6e/10542429143070.jpg,https://www.metro.ca/en/online-grocery/search-page-161
,Flaxseed Snack,,"$3.99
 ea.",,$1.60 /100g,,,https://product-images.metro.ca/images/ha2/hbf/12354506522654.jpg,https://www.metro.ca/en/online-grocery/search-page-161
,Chia Seed,,"$4.49
 ea.",,$1.50 /100g,,,https://product-images.metro.ca/images/h1a/hd2/12354511962142.jpg,https://www.metro.ca/en/online-grocery/search-page-161
,Oat Bran And Sesame Stick,,"$4.99
 ea.",,$1.66 /100g,,,https://product-images.metro.ca/images/h64/h38/12354504818718.jpg,https://www.metro.ca/en/online-grocery/search-page-161
,Raw Pumpking Seed,,"$4.99
 ea.",,$2.50 /100g,,,https://product-images.metro.ca/images/hf2/h46/12354497609758.jpg,https://www.metro.ca/en/online-grocery/search-page-161
,Salted Sesae Stick,,"$4.99
 ea.",,$1.66 /100g,,,https://product-images.metro.ca/images/h2b/h22/12354503082014.jpg,https://www.metro.ca/en/online-grocery/search-page-161
,Sugared Peanut,,"$3.99
 ea.",,$1.60 /100g,,,https://product-images.metro.ca/images/hb7/h4a/12354502688798.jpg,https://www.metro.ca/en/online-grocery/search-page-161
,Salted Peanut,,"$2.99
 ea.",,$1.00 /100g,,,https://product-images.metro.ca/images/h17/ha0/12354499444766.jpg,https://www.metro.ca/en/online-grocery/search-page-161
,Unsalted Peanut,,"$2.99
 ea.",,$1.00 /100g,,,https://product-images.metro.ca/images/h25/h07/10931460145182.jpg,https://www.metro.ca/en/online-grocery/search-page-161
,BBQ Flavoured Peanut,,"$3.99
 ea.",,$1.14 /100g,,,https://product-images.metro.ca/images/hd7/hf5/12354502524958.jpg,https://www.metro.ca/en/online-grocery/search-page-161
,Dried Apricot,200 g,"$5.49
 ea.",,$2.75 /100g,,,https://product-images.metro.ca/images/hba/h6c/12354482765854.jpg,https://www.metro.ca/en/online-grocery/search-page-161
TROPICANA,Orange And Grapefruit Juice,1.54 L,"$5.99
 ea.",,$0.39 /100ml,,,https://product-images.metro.ca/images/h11/h12/10882848882718.jpg,https://www.metro.ca/en/online-grocery/search-page-161
CHOLULA,Green Chili Pepper Hot Sauce,150 mL,"$7.99
 ea.",,$5.33 /100ml,,,https://product-images.metro.ca/images/h37/h0d/11267576397854.jpg,https://www.metro.ca/en/online-grocery/search-page-161
ESTRELLA DAMM,Spanish Lager Beer,6x330 mL - bottles,"$12.99
 ea.",,$0.66 /100ml,"Regular price
$14.99  ea.","Valid until Feb 7, 2024",https://product-images.metro.ca/images/hab/h63/9508882382878.jpg,https://www.metro.ca/en/online-grocery/search-page-161
RITTER SPORT,Cashew Chocolate Bar,100 g,"$3.49
 ea.",,$3.49 /100g,"Regular price
$4.49  ea.","Valid until Jan 24, 2024",https://product-images.metro.ca/images/he0/he4/11860762656798.jpg,https://www.metro.ca/en/online-grocery/search-page-161
RITTER SPORT,Honey And Sea-Salt Almonds Chocolate Bar,100 g,"$3.49
 ea.",,$3.49 /100g,"Regular price
$4.49  ea.","Valid until Jan 24, 2024",https://product-images.metro.ca/images/h23/h64/11860760789022.jpg,https://www.metro.ca/en/online-grocery/search-page-161
TRESEMMÉ,Unscented Extra Hold Hairspray,311 g,"$7.29
 ea.",,$2.34 /100g,,,https://product-images.metro.ca/images/hdc/h56/11538270814238.jpg,https://www.metro.ca/en/online-grocery/search-page-161
MCAUSLAN BREWERY,"Imperial IPA Beers, St-Ambroise",6x355 mL - cans,"$12.99
 ea.",,$0.61 /100ml,,,,https://www.metro.ca/en/online-grocery/search-page-161
TRESEMMÉ,"Shampoo For Dry Hair With Coconut Extract, PRO Style...",828 mL,"$7.49
 ea.",,$0.90 /100ml,,,,https://www.metro.ca/en/online-grocery/search-page-161
NESCAFÉ,"Original Espresso Instant Coffee, Gold",200 g,"$14.49
 ea.",,$7.25 /100g,,,,https://www.metro.ca/en/online-grocery/search-page-161
NESCAFÉ,Sweet And Creamy French Vanilla Flavoured Instant Co...,18 un,"$8.49
 ea.",,$0.47 /un.,,,,https://www.metro.ca/en/online-grocery/search-page-161
,Salted Herbs,500 mL,"$5.99
 ea.",,$5.99 /un.,,,https://product-images.metro.ca/images/he5/h2c/9310706761758.jpg,https://www.metro.ca/en/online-grocery/search-page-161
SARDO,Kalamata Olives,375 mL,"$3.49
 ea.",,$0.93 /100ml,"Regular price
$4.49  ea.","Valid until Jan 24, 2024",https://product-images.metro.ca/images/h8c/h4b/9704258568222.jpg,https://www.metro.ca/en/online-grocery/search-page-161
SARDO,Stuffed Olives,375 mL,"$3.49
 ea.",,$0.93 /100ml,"Regular price
$4.49  ea.","Valid until Jan 24, 2024",https://product-images.metro.ca/images/h68/h6b/9704270954526.jpg,https://www.metro.ca/en/online-grocery/search-page-161
SARDO,"Shiitake Mushrooms, Premium Select",320 g,"$8.29
 ea.",,$2.59 /100g,,,,https://www.metro.ca/en/online-grocery/search-page-161
HOME EXCLUSIVES,Pineapple Themed 3-Ply Table Napkins,20 un,"$1.99
 ea.",,$0.10 /un.,,,https://product-images.metro.ca/images/h6c/hdd/12066787426334.jpg,https://www.metro.ca/en/online-grocery/search-page-161
HOME EXCLUSIVES,Blue Flower Pattern Paper Napkins,20 un,"$1.99
 ea.",,$0.10 /un.,,,https://www.metro.ca/images/shared/placeholders/icon-no-picture.svg?v=2023.71.1.d1,https://www.metro.ca/en/online-grocery/search-page-161
GILLETTE,"Simple 3™ Disposable Razors, Venus Simply3",4 un,"$9.29
 ea.",,$2.32 /un.,,,,https://www.metro.ca/en/online-grocery/search-page-161
GILLETTE,Arctic Ice Scented Clear Gel Antiperspirant And Deod...,108 g,"$7.79
 ea.",,$7.21 /100g,,,,https://www.metro.ca/en/online-grocery/search-page-161
GILLETTE,Power Rush Scented Clear Gel Antiperspirant And Deod...,108 g,"$7.79
 ea.",,$7.21 /100g,,,,https://www.metro.ca/en/online-grocery/search-page-162
GILLETTE,Cool Wave Scented Clear Gel Antiperspirant And Deodo...,108 g,"$7.79
 ea.",,$7.21 /100g,,,,https://www.metro.ca/en/online-grocery/search-page-162
GILLETTE,Wild Rain Scented Clear Gel Antiperspirant And Deodo...,108 g,"$7.79
 ea.",,$7.21 /100g,,,,https://www.metro.ca/en/online-grocery/search-page-162
GILLETTE,"Men'S Sensitive Skin Razor, SkinGuard",1 un,"$23.99
 ea.",,$23.99 /un.,,,,https://www.metro.ca/en/online-grocery/search-page-162
GILLETTE,"Purple Rasor, Venus Deluxe Smooth Swirl",1 un,"$21.99
 ea.",,$21.99 /un.,,,,https://www.metro.ca/en/online-grocery/search-page-162
GILLETTE,"Chill 3 Cartridges Razor, ProShield Chill",1 un,"$21.99
 ea.",,$11.00 /un.,,,,https://www.metro.ca/en/online-grocery/search-page-162
GILLETTE,"Yellow 3 Cartridges Razor, ProShield",1 un,"$21.99
 ea.",,$11.00 /un.,,,,https://www.metro.ca/en/online-grocery/search-page-162
SUSHI CHEF,Mirin Sweetened Sake,296 mL,"$10.49
 ea.",,$3.54 /100ml,,,https://product-images.metro.ca/images/h30/h2f/10823396425758.jpg,https://www.metro.ca/en/online-grocery/search-page-162
SUSHI CHEF,Reduced In Sodium Soy Sauce,296 mL,"$9.29
 ea.",,$3.14 /100ml,,,https://product-images.metro.ca/images/hd8/h55/10823397146654.jpg,https://www.metro.ca/en/online-grocery/search-page-162
SUSHI CHEF,Nori Sheets,13 g,"$10.49
 ea.",,$80.69 /100g,,,https://product-images.metro.ca/images/h65/h40/11244099141662.jpg,https://www.metro.ca/en/online-grocery/search-page-162
SUSHI CHEF,Seasoned Rice Vinegar,296 mL,"$6.79
 ea.",,$2.29 /100ml,,,https://product-images.metro.ca/images/hdb/hcc/10823399014430.jpg,https://www.metro.ca/en/online-grocery/search-page-162
SUSHI CHEF,Wasabi,28 g,"$9.49
 ea.",,$33.89 /100g,,,https://product-images.metro.ca/images/hd3/h61/11244100878366.jpg,https://www.metro.ca/en/online-grocery/search-page-162
PERSONNELLE,Cool Blue Mint Flavoured Antiseptic,1 L,"$3.99
 ea.",,$0.40 /100ml,"Regular price
$4.99  ea.","Valid until Feb 7, 2024",https://product-images.metro.ca/images/h93/h58/11521885405214.jpg,https://www.metro.ca/en/online-grocery/search-page-162
PERSONNELLE,Deep Moisture Body Wash,354 mL,"$3.99
 ea.",,$1.13 /100ml,,,https://product-images.metro.ca/images/h84/h81/11122406817822.jpg,https://www.metro.ca/en/online-grocery/search-page-162
PERSONNELLE,Men Extra Fresh Face Body Wash,400 ml,"$3.99
 ea.",,$1.00 /100ml,,,https://product-images.metro.ca/images/h55/hb0/11522144436254.jpg,https://www.metro.ca/en/online-grocery/search-page-162
PERSONNELLE,Deep Clean Shower Gel For Men,400 mL,"$3.99
 ea.",,$1.00 /100ml,,,https://product-images.metro.ca/images/h90/h27/11236704157726.jpg,https://www.metro.ca/en/online-grocery/search-page-162
PERSONNELLE,Green Tea And Cucumber Scented Body Wash,354 mL,"$3.99
 ea.",,$1.13 /100ml,,,https://product-images.metro.ca/images/h60/h66/11236658806814.jpg,https://www.metro.ca/en/online-grocery/search-page-162
CLOROX,Concentrated Bleach,1.27 l,"$4.49
 ea.",,$0.35 /100ml,,,https://product-images.metro.ca/images/hf3/hc6/11829874950174.jpg,https://www.metro.ca/en/online-grocery/search-page-162
CAP'N CRUNCH,"Peanut Butter Cereal, DC® Edition",325 g,"$5.79
 ea.",,$1.78 /100g,,,,https://www.metro.ca/en/online-grocery/search-page-162
IRRESISTIBLES,Lactose-Free 3-Cheese Platter,400 g,"$16.99
 ea.",,$4.25 /100g,,,https://product-images.metro.ca/images/hcb/hdc/11157676654622.jpg,https://www.metro.ca/en/online-grocery/search-page-162
IRRESISTIBLES,"Orange Juice Without Pulp, Organics",1.54 L,"$5.99
 ea.",,$0.39 /100ml,,,,https://www.metro.ca/en/online-grocery/search-page-162
SELECTION,"Orange And Vanilla Flavoured Ice Cream Bars, Creamy ...",12x60 mL,"$6.29
 ea.",,$0.87 /100ml,,,,https://www.metro.ca/en/online-grocery/search-page-162
SELECTION,"Cherry, Lime And Grape Flavoured Ice Pops, Turbo Pops",12x50 mL,"$5.49
 ea.",,$0.92 /100ml,,,,https://www.metro.ca/en/online-grocery/search-page-162
IRRESISTIBLES,Dulce De Leche Flavoured Trifle Cake,500 g,"$11.99
 ea.",,$2.40 /100g,,"Valid until Jan 17, 2024",https://product-images.metro.ca/images/he0/h73/10200613617694.jpg,https://www.metro.ca/en/online-grocery/search-page-162
IRRESISTIBLES,Triple Chocolate Trifle Cake,500 g,"$11.99
 ea.",,$2.40 /100g,,"Valid until Jan 17, 2024",https://product-images.metro.ca/images/h34/h16/10200611717150.jpg,https://www.metro.ca/en/online-grocery/search-page-162
SELECTION,Old-Fashioned Cretons,300 g,"$6.99
 ea.",,$2.33 /100kg,,,https://product-images.metro.ca/images/hd6/h10/10200626626590.jpg,https://www.metro.ca/en/online-grocery/search-page-162
IRRESISTIBLES,Pumpkin Flavoured Dog Treats,200 g,"$4.49
 ea.",,$2.25 /100g,"Regular price
$4.99  ea.","Valid until Jan 24, 2024",https://product-images.metro.ca/images/h4d/hf6/11630025015326.jpg,https://www.metro.ca/en/online-grocery/search-page-162
SELECTION,Instant Yeast,100 g,"$4.29
 ea.",,$4.29 /100g,,,https://product-images.metro.ca/images/h1b/ha0/10200650481694.jpg,https://www.metro.ca/en/online-grocery/search-page-162
SELECTION,Garlic Bread Stick,284 g,"2 / 
$5.00",,$0.88 /100g,"Regular price
$3.39  ea.","Valid until Jan 17, 2024",https://product-images.metro.ca/images/h4b/h65/10200650678302.jpg,https://www.metro.ca/en/online-grocery/search-page-162
IRRESISTIBLES,Beef Flavoured Dog Treats,150 g,"$6.79
 ea.",,$4.53 /100g,,,https://product-images.metro.ca/images/hc7/h2f/10413354811422.jpg,https://www.metro.ca/en/online-grocery/search-page-162
SELECTION,Chewy Fruit And Nut Bars,175 g,"$2.99
 ea.",,$1.71 /100g,,,https://product-images.metro.ca/images/hf4/h93/10239236538398.jpg,https://www.metro.ca/en/online-grocery/search-page-163
IRRESISTIBLES,Frozen Cauliflower Bites With General Tao Sauce,493 g,"$7.99
 ea.",,$1.62 /100g,,,https://product-images.metro.ca/images/h96/he7/10269242261534.jpg,https://www.metro.ca/en/online-grocery/search-page-163
LIFE SMART,Marinara Pasta Sauce,650 mL,"$4.49
 ea.",,$0.69 /100ml,,,https://product-images.metro.ca/images/hdc/ha2/11367316652062.jpg,https://www.metro.ca/en/online-grocery/search-page-163
IRRESISTIBLES,Pumpkin Sticks Dog Treats,110 g,"$6.49
 ea.",,$5.90 /100g,,,https://product-images.metro.ca/images/h78/ha0/10413369163806.jpg,https://www.metro.ca/en/online-grocery/search-page-163
IRRESISTIBLES,Fresh Chicken Tortellini,340 g,"$4.49
 ea.",,$1.32 /100g,"Regular price
$4.99  ea.","Valid until Jan 17, 2024",https://product-images.metro.ca/images/h99/hb6/11521679556638.jpg,https://www.metro.ca/en/online-grocery/search-page-163
LIFE SMART,Seasoned Extra Lean Ground Turkey,450 g,"$7.00
 ea.",,$1.56 /100g,,,https://product-images.metro.ca/images/h8e/h49/11992966332446.jpg,https://www.metro.ca/en/online-grocery/search-page-163
LIFE SMART,Extra Lean Ground Chicken,450 g,"$7.00
 ea.",,$1.56 /100g,,,https://product-images.metro.ca/images/h1b/h71/11521701380126.jpg,https://www.metro.ca/en/online-grocery/search-page-163
LIFE SMART,Tomato And Basil Pasta Sauce,650 mL,"$4.49
 ea.",,$0.69 /100ml,,,https://product-images.metro.ca/images/he6/h41/11521677688862.jpg,https://www.metro.ca/en/online-grocery/search-page-163
IRRESISTIBLES,Fresh Potato Gnocchi,350 g,"$3.99
 ea.",,$1.14 /100g,,,https://product-images.metro.ca/images/he0/h48/10227518767134.jpg,https://www.metro.ca/en/online-grocery/search-page-163
LIFE SMART,"Avocado Oil Cooking Spray, Naturalia",110 g,"$4.49
 ea.",,$4.08 /100g,,,,https://www.metro.ca/en/online-grocery/search-page-163
SELECTION,Kitchen Garbage Bags,100 un,"$4.99
 ea.",,$0.05 /un.,,,https://product-images.metro.ca/images/ha4/h12/10360225988638.jpg,https://www.metro.ca/en/online-grocery/search-page-163
SELECTION,Extra Small Garbage Bags,52 un,"$3.69
 ea.",,$0.07 /un.,,,https://product-images.metro.ca/images/h47/h50/10360162975774.jpg,https://www.metro.ca/en/online-grocery/search-page-163
SELECTION,Small Kitchen Garbage Bags,16 un,"$0.99
 ea.",,$0.06 /un.,"Regular price
$1.19  ea.","Valid until Feb 7, 2024",https://product-images.metro.ca/images/ha8/h4c/10823228784670.jpg,https://www.metro.ca/en/online-grocery/search-page-163
SELECTION,Large Blue Garbage Bags,30 un,"$4.99
 ea.",,$0.17 /un.,,,https://product-images.metro.ca/images/h1b/h62/11521744175134.jpg,https://www.metro.ca/en/online-grocery/search-page-163
SELECTION ECO,"Spring Breeze Scented Fabric Softener Sheets, Eco",80 un,"$5.99
 ea.",,$0.07 /un.,,,,https://www.metro.ca/en/online-grocery/search-page-163
SELECTION,Strawberry Cereal Bars,900 g,"$6.99
 ea.",,$0.78 /100g,,,https://product-images.metro.ca/images/h24/h98/10348168544286.jpg,https://www.metro.ca/en/online-grocery/search-page-163
IRRESISTIBLES,Thaï Chicken Broth,946 mL,"$2.99
 ea.",,$0.32 /100ml,,,https://product-images.metro.ca/images/hb9/hef/10278390005790.jpg,https://www.metro.ca/en/online-grocery/search-page-163
IRRESISTIBLES,Pork Flavoured Ramen Broth,946 mL,"$2.99
 ea.",,$0.32 /100ml,,,https://product-images.metro.ca/images/hc2/h80/10278346948638.jpg,https://www.metro.ca/en/online-grocery/search-page-163
SELECTION,Sultana Raisins,500 g,"$5.00
 ea.",,$1.00 /100g,,,https://product-images.metro.ca/images/h0c/h4e/10444360450078.jpg,https://www.metro.ca/en/online-grocery/search-page-163
SELECTION,Dried Bananas,500 g,"$5.00
 ea.",,$1.67 /100g,,,https://product-images.metro.ca/images/h79/h40/10444542181406.jpg,https://www.metro.ca/en/online-grocery/search-page-163
SELECTION,Golden Raisins,425 g,"$5.00
 ea.",,$1.18 /100g,,,https://product-images.metro.ca/images/hf2/h08/10444513673246.jpg,https://www.metro.ca/en/online-grocery/search-page-163
SELECTION,Crystallized Ginger,250 g,"$5.00
 ea.",,$2.00 /100g,,,https://product-images.metro.ca/images/h9b/hc0/10444386795550.jpg,https://www.metro.ca/en/online-grocery/search-page-163
SELECTION,Dried Mangoes,700 g,"$8.49
 ea.",,$1.21 /100g,,,https://product-images.metro.ca/images/h6b/h14/10444614041630.jpg,https://www.metro.ca/en/online-grocery/search-page-163
SELECTION,Dried Mangoes,325 g,"$5.00
 ea.",,$1.54 /100g,,,https://product-images.metro.ca/images/ha2/h25/10444556664862.jpg,https://www.metro.ca/en/online-grocery/search-page-163
SELECTION,Thompson Raisins,908 g,"$8.49
 ea.",,$0.94 /100g,,,https://product-images.metro.ca/images/hc8/hb4/10444374409246.jpg,https://www.metro.ca/en/online-grocery/search-page-163
SELECTION,Sweetened Dried Cranberries,800 g,"$8.99
 ea.",,$1.12 /100g,,,https://product-images.metro.ca/images/hf6/h89/10444379717662.jpg,https://www.metro.ca/en/online-grocery/search-page-163
SELECTION,Sultana Raisins,1 kg,"$9.99
 ea.",,$1.00 /100g,,,https://product-images.metro.ca/images/he2/h26/10444409536542.jpg,https://www.metro.ca/en/online-grocery/search-page-163
SELECTION,Sweetened Dried Cranberries,400 g,"$5.00
 ea.",,$1.25 /100g,,,https://product-images.metro.ca/images/h8d/h31/10444580323358.jpg,https://www.metro.ca/en/online-grocery/search-page-163
SELECTION,Pitted Prunes,425 g,"$5.00
 ea.",,$1.18 /100g,,,https://product-images.metro.ca/images/h4c/hd9/10444624560158.jpg,https://www.metro.ca/en/online-grocery/search-page-163
LIFE SMART,Reduced Fat Alfredo Pasta Sauce,410 mL,"$4.49
 ea.",,$1.10 /100ml,,,https://product-images.metro.ca/images/h0c/h6f/12175228567582.jpg,https://www.metro.ca/en/online-grocery/search-page-163
LIFE SMART,"Frozen Haddock Fillets, Naturalia",400 g,"$12.00
 ea.",,$3.00 /100g,,,,https://www.metro.ca/en/online-grocery/search-page-164
LIFE SMART,"Frozen Cod Fillets, Naturalia",400 g,"$12.00
 ea.",,$3.00 /100g,,,,https://www.metro.ca/en/online-grocery/search-page-164
SELECTION,Dried Apple,150 g,"$5.00
 ea.",,$3.33 /100g,,,https://product-images.metro.ca/images/h5f/h71/10444533039134.jpg,https://www.metro.ca/en/online-grocery/search-page-164
SELECTION,Thompson Raisins,425 g,"$5.00
 ea.",,$1.18 /100g,,,https://product-images.metro.ca/images/h8c/he9/10444294717470.jpg,https://www.metro.ca/en/online-grocery/search-page-164
SELECTION,Pitted Dates,600 g,"$5.00
 ea.",,$0.83 /100g,,,https://product-images.metro.ca/images/hb0/hc0/10444610600990.jpg,https://www.metro.ca/en/online-grocery/search-page-164
SELECTION,Diced Dried Papaya,500 g,"$5.00
 ea.",,$1.00 /100g,,,https://product-images.metro.ca/images/hf6/hd5/10444277415966.jpg,https://www.metro.ca/en/online-grocery/search-page-164
SELECTION,Chicken Soup Base,500 g,"$5.00
 ea.",,$1.00 /100g,,,https://product-images.metro.ca/images/h9f/hd0/10444593430558.jpg,https://www.metro.ca/en/online-grocery/search-page-164
SELECTION,Onion Soup Base,425 g,"$5.00
 ea.",,$1.18 /100g,,,https://product-images.metro.ca/images/h97/hf9/10444664406046.jpg,https://www.metro.ca/en/online-grocery/search-page-164
SELECTION,Beef Soup Base,500 g,"$5.00
 ea.",,$1.00 /100g,,,https://product-images.metro.ca/images/hb2/hda/10444664340510.jpg,https://www.metro.ca/en/online-grocery/search-page-164
LIFE SMART,"Frozen Wild-Caught Sole Fillets, Naturalia",400 g,"$10.00
 ea.",,$2.50 /100g,,,,https://www.metro.ca/en/online-grocery/search-page-164
SELECTION,Sesame Sticks,425 g,"$5.00
 ea.",,$1.18 /100g,,,https://product-images.metro.ca/images/hf6/hd8/10444606930974.jpg,https://www.metro.ca/en/online-grocery/search-page-164
LIFE SMART,"Extra Firm Plain Tofu, Naturalia",400 g,"$2.49
 ea.",,$0.62 /100g,"Regular price
$2.99  ea.","Valid until Jan 10, 2024",,https://www.metro.ca/en/online-grocery/search-page-164
SELECTION,Simulated Bacon Bits,350 g,"$5.00
 ea.",,$1.43 /100g,,,https://product-images.metro.ca/images/h40/h51/10444281217054.jpg,https://www.metro.ca/en/online-grocery/search-page-164
SELECTION,Corn Chips With Flax Seeds,425 g,"$5.00
 ea.",,$1.18 /100g,,,https://product-images.metro.ca/images/he1/hf7/10444316803102.jpg,https://www.metro.ca/en/online-grocery/search-page-164
LIFE SMART,Medium Couscous,450 g,"$2.29
 ea.",,$0.51 /100g,"Regular price
$2.69  ea.","Valid until Jan 24, 2024",https://product-images.metro.ca/images/h8c/hfa/10710971973662.jpg,https://www.metro.ca/en/online-grocery/search-page-164
SELECTION,King Sauce,398 ml,"$2.19
 ea.",,$0.55 /100ml,,,https://product-images.metro.ca/images/h8f/hb2/10794107502622.jpg,https://www.metro.ca/en/online-grocery/search-page-164
LIFE SMART,"Frozen Basa Fillets, Naturalia",400 g,"$8.00
 ea.",,$2.00 /100g,,,,https://www.metro.ca/en/online-grocery/search-page-164
LIFE SMART,Whole Wheat Couscous,450 g,"$2.29
 ea.",,$0.51 /100g,"Regular price
$2.69  ea.","Valid until Jan 24, 2024",https://product-images.metro.ca/images/haf/h9c/11361699037214.jpg,https://www.metro.ca/en/online-grocery/search-page-164
IRRESISTIBLES,Medium Roast Colombian Coffee Beans,907 g,"$14.99
 ea.",,$1.65 /100g,,,https://product-images.metro.ca/images/h4d/h13/10708916109342.jpg,https://www.metro.ca/en/online-grocery/search-page-164
SELECTION,Reduced Salt Hot Chicken Sandwich Sauce,398 mL,"$2.19
 ea.",,$0.55 /100ml,,,https://product-images.metro.ca/images/ha4/hd6/10794107404318.jpg,https://www.metro.ca/en/online-grocery/search-page-164
SELECTION,Reduced Salt BBQ Sauce,398 ml,"$2.19
 ea.",,$0.55 /100ml,,,https://product-images.metro.ca/images/h24/h61/10794103013406.jpg,https://www.metro.ca/en/online-grocery/search-page-164
LIFE SMART,Pearl Barley,500 g,"$1.99
 ea.",,$0.40 /100g,,,https://product-images.metro.ca/images/h0f/h00/11352030478366.jpg,https://www.metro.ca/en/online-grocery/search-page-164
LIFE SMART,"Frozen Tilapia Fillets, Naturalia",400 g,"$8.00
 ea.",,$2.00 /100g,,,,https://www.metro.ca/en/online-grocery/search-page-164
LIFE SMART,"Medium Roast House Blend K-Cup Coffee Pods, Organic",12 un,"$8.29
 ea.",,$0.69 /un.,,,,https://www.metro.ca/en/online-grocery/search-page-164
LIFE SMART,Italian Blend Dark Roast K-Cup Coffee Pods,12 un,"$8.29
 ea.",,$0.69 /un.,,,https://product-images.metro.ca/images/h77/h7f/10792570748958.jpg,https://www.metro.ca/en/online-grocery/search-page-164
LIFE SMART,"Frozen Wild Caught Pollock Fillets, Naturalia",400 g,"$8.00
 ea.",,$2.00 /100g,,,,https://www.metro.ca/en/online-grocery/search-page-164
IRRESISTIBLES,"Dark Roast K-Cup Coffee Pods, Itlaian Blend",72 un,"$26.99
 ea.",,$0.37 /un.,,,,https://www.metro.ca/en/online-grocery/search-page-164
IRRESISTIBLES,Asian Wheat Noodle,300 g,"$2.99
 ea.",,$1.00 /100g,"Regular price
$3.49  ea.","Valid until Jan 24, 2024",https://product-images.metro.ca/images/hdd/h35/12272837525534.jpg,https://www.metro.ca/en/online-grocery/search-page-164
IRRESISTIBLES,Vermicelli Rice Noodles,300 g,"$2.99
 ea.",,$1.00 /100g,"Regular price
$3.49  ea.","Valid until Jan 24, 2024",https://www.metro.ca/images/shared/placeholders/icon-no-picture.svg?v=2023.71.1.d1,https://www.metro.ca/en/online-grocery/search-page-164
IRRESISTIBLES,Fresh 3-Cheese Rainbow Tortellini,800 g,"$8.99
 ea.",,$1.12 /100g,,,https://product-images.metro.ca/images/h9c/haf/12175448408094.jpg,https://www.metro.ca/en/online-grocery/search-page-164
IRRESISTIBLES,Fresh Beef Tortellini,800 g,"$8.99
 ea.",,$1.12 /100g,,,https://product-images.metro.ca/images/h3d/h8f/12175449292830.jpg,https://www.metro.ca/en/online-grocery/search-page-165
IRRESISTIBLES,Fresh 3-Cheese Tortellini,800 g,"$8.99
 ea.",,$1.12 /100g,,,https://product-images.metro.ca/images/haa/h8f/12175450308638.jpg,https://www.metro.ca/en/online-grocery/search-page-165
IRRESISTIBLES,Fresh Cheese And Spinach Raviolis,800 g,"$8.99
 ea.",,$1.12 /100g,,,https://product-images.metro.ca/images/h41/h05/12175447425054.jpg,https://www.metro.ca/en/online-grocery/search-page-165
IRRESISTIBLES,Vanilla Flavoured Ice Cream Bars,10x88 mL,"$10.49
 ea.",,$1.19 /100ml,,,https://product-images.metro.ca/images/h88/h44/12175568207902.jpg,https://www.metro.ca/en/online-grocery/search-page-165
IRRESISTIBLES,Cheese Mozzarella For Pizza,340 g,"$8.49
 ea.",,$2.50 /100g,"Regular price
$8.79  ea.","Valid until Jan 17, 2024",https://product-images.metro.ca/images/hf9/haa/12175572107294.jpg,https://www.metro.ca/en/online-grocery/search-page-165
IRRESISTIBLES,Pinapple Flavoured Hawaiian Style BBQ Sauce,350 mL,"$4.99
 ea.",,$1.43 /100ml,"Regular price
$5.99  ea.","Valid until Jan 24, 2024",https://product-images.metro.ca/images/h1a/h45/11457774092318.jpg,https://www.metro.ca/en/online-grocery/search-page-165
SELECTION,BBQ Ripples Chips,454 g,"$3.49
 ea.",,$0.77 /100g,,,https://www.metro.ca/images/shared/placeholders/icon-no-picture.svg?v=2023.71.1.d1,https://www.metro.ca/en/online-grocery/search-page-165
SELECTION,Salt And Vinegar Chips,454 g,"$3.49
 ea.",,$0.77 /100g,,,https://www.metro.ca/images/shared/placeholders/icon-no-picture.svg?v=2023.71.1.d1,https://www.metro.ca/en/online-grocery/search-page-165
SELECTION,All Dressed Rippled Chips,454 g,"$3.49
 ea.",,$0.77 /100g,,,https://www.metro.ca/images/shared/placeholders/icon-no-picture.svg?v=2023.71.1.d1,https://www.metro.ca/en/online-grocery/search-page-165
SELECTION,Ketchup Flavoured Chips,454 g,"$3.49
 ea.",,$0.77 /100g,,,https://www.metro.ca/images/shared/placeholders/icon-no-picture.svg?v=2023.71.1.d1,https://www.metro.ca/en/online-grocery/search-page-165
LIFE SMART,"Grass Fed New Zealand Extra Lean Ground Beef, Naturalia",454 g,"$10.99
 ea.",,$2.42 /100g,,,,https://www.metro.ca/en/online-grocery/search-page-165
SELECTION,Oriental Sweet And Sour Sauce,350 mL,"2 / 
$6.50",,$0.93 /100ml,"Regular price
$3.79  ea.","Valid until Jan 24, 2024",https://product-images.metro.ca/images/h2e/h07/11556864294942.jpg,https://www.metro.ca/en/online-grocery/search-page-165
SELECTION,Plum Oriental Sauce,350 mL,"2 / 
$6.50",,$0.93 /100ml,"Regular price
$3.79  ea.","Valid until Jan 24, 2024",https://product-images.metro.ca/images/haf/h88/11556874321950.jpg,https://www.metro.ca/en/online-grocery/search-page-165
SELECTION,Date Squares,450 g,"$7.99
 ea.",,$1.78 /100g,,,https://product-images.metro.ca/images/hb7/h75/11761697062942.jpg,https://www.metro.ca/en/online-grocery/search-page-165
SELECTION,Brownie,400 g,"$7.99
 ea.",,$2.00 /100g,,,https://product-images.metro.ca/images/he3/h7c/12175819735070.jpg,https://www.metro.ca/en/online-grocery/search-page-165
IRRESISTIBLES,Chocolate Chips'N Chunks Brownie Cookies,280 g,"$4.49
 ea.",,$1.60 /100g,,,https://product-images.metro.ca/images/h86/h08/12175911780382.jpg,https://www.metro.ca/en/online-grocery/search-page-165
IRRESISTIBLES,Chocolate Chip Cookies,280 g,"$4.49
 ea.",,$1.60 /100g,,,https://product-images.metro.ca/images/h8b/h60/12175801810974.jpg,https://www.metro.ca/en/online-grocery/search-page-165
IRRESISTIBLES,Orange Flavoured Drink With 50% Less Sugar,1.54 L,"$4.19
 ea.",,$0.27 /100ml,,,https://product-images.metro.ca/images/h65/h68/12175097528350.jpg,https://www.metro.ca/en/online-grocery/search-page-165
LIFE SMART,"Natural Whole Almonds, Organic",175 g,"$5.00
 ea.",,$2.86 /100g,,,,https://www.metro.ca/en/online-grocery/search-page-165
LIFE SMART,"Dried Apricots, Organic",225 g,"$5.00
 ea.",,$2.22 /100g,,,,https://www.metro.ca/en/online-grocery/search-page-165
LIFE SMART,"Oat Flakes, Organic",700 g,"$5.00
 ea.",,$0.71 /100g,,,,https://www.metro.ca/en/online-grocery/search-page-165
LIFE SMART,"Sultana Raisins, Organic",375 g,"$5.00
 ea.",,$1.33 /100g,,,,https://www.metro.ca/en/online-grocery/search-page-165
LIFE SMART,"Raw Sunflower Seeds, Organic",425 g,"$5.00
 ea.",,$1.18 /100g,,,,https://www.metro.ca/en/online-grocery/search-page-165
LIFE SMART,"Flax Seeds, Organic",275 g,"$5.00
 ea.",,$1.82 /100g,,,,https://www.metro.ca/en/online-grocery/search-page-165
IRRESISTIBLES,Chocolate And Almond Coated Vanilla Ice Cream Bars,10x88 mL,"$10.49
 ea.",,$1.19 /100ml,,,https://product-images.metro.ca/images/h72/hd0/10360173166622.jpg,https://www.metro.ca/en/online-grocery/search-page-165
IRRESISTIBLES,Chocolate And Pralined Pecans Coated Vanilla-Caramel...,10x88 mL,"$10.49
 ea.",,$1.19 /100ml,,,,https://www.metro.ca/en/online-grocery/search-page-165
SELECTION,Brown Rice,250 g,"$2.89
 ea.",,$1.16 /100g,,,https://product-images.metro.ca/images/hee/h4d/10263579197470.jpg,https://www.metro.ca/en/online-grocery/search-page-165
SELECTION,Long Grain Wild Rice,250 g,"$2.89
 ea.",,$1.16 /100g,,,https://product-images.metro.ca/images/hfc/h62/10263615242270.jpg,https://www.metro.ca/en/online-grocery/search-page-165
SELECTION,Jasmine Rice,250 g,"$2.89
 ea.",,$1.16 /100g,,,https://product-images.metro.ca/images/hfe/h78/10263613014046.jpg,https://www.metro.ca/en/online-grocery/search-page-165
SELECTION,Anti-Skid De-Icer,10 kg,"$4.19
 ea.",,$0.04 /100g,,,https://product-images.metro.ca/images/he4/hf3/11521963786270.jpg,https://www.metro.ca/en/online-grocery/search-page-165
LIFE SMART,"Dairy-Free Margarine, À Base De Plantes",454 g,"$3.69
 ea.",,$0.81 /100g,,,,https://www.metro.ca/en/online-grocery/search-page-166
SELECTION,Whole Flax Seeds,454 g,"$5.00
 ea.",,$1.10 /100g,,,https://www.metro.ca/images/shared/placeholders/icon-no-picture.svg?v=2023.71.1.d1,https://www.metro.ca/en/online-grocery/search-page-166
SELECTION,Raw Sunflower Seeds,500 g,"$5.00
 ea.",,$1.00 /100g,,,https://product-images.metro.ca/images/hb9/hdd/10444466487326.jpg,https://www.metro.ca/en/online-grocery/search-page-166
SELECTION,Whole Hazelnuts,700 g,"$12.99
 ea.",,$1.86 /100g,,,https://product-images.metro.ca/images/h31/h24/10399903842334.jpg,https://www.metro.ca/en/online-grocery/search-page-166
SELECTION,Natural Whole Almonds,908 g,"$12.99
 ea.",,$1.43 /100g,,,https://product-images.metro.ca/images/hdd/h87/10444312936478.jpg,https://www.metro.ca/en/online-grocery/search-page-166
SELECTION,Brazil Nuts,670 g,"$14.49
 ea.",,$2.16 /100g,,,https://product-images.metro.ca/images/hb8/h1a/10399899779102.jpg,https://www.metro.ca/en/online-grocery/search-page-166
SELECTION,Walnut Halves,800 g,"$12.49
 ea.",,$1.56 /100g,,,https://product-images.metro.ca/images/he9/hb5/10399903711262.jpg,https://www.metro.ca/en/online-grocery/search-page-166
SELECTION,Raw Cashews,908 g,"$16.99
 ea.",,$1.87 /100g,,,https://product-images.metro.ca/images/h25/h0d/10399827689502.jpg,https://www.metro.ca/en/online-grocery/search-page-166
SELECTION,Pecan Halves,525 g,"$16.99
 ea.",,$3.24 /100g,,,https://product-images.metro.ca/images/h87/hef/10399864979486.jpg,https://www.metro.ca/en/online-grocery/search-page-166
SELECTION,Dried Apricots,375 g,"$5.00
 ea.",,$1.33 /100g,,,https://product-images.metro.ca/images/h1b/h06/10444471074846.jpg,https://www.metro.ca/en/online-grocery/search-page-166
SELECTION,Almonds,200 g,"$5.00
 ea.",,$2.50 /100g,,,https://product-images.metro.ca/images/h41/h04/10444481232926.jpg,https://www.metro.ca/en/online-grocery/search-page-166
SELECTION,Sesame Seeds,350 g,"$5.00
 ea.",,$1.43 /100g,,,https://product-images.metro.ca/images/hef/hf7/10444502728734.jpg,https://www.metro.ca/en/online-grocery/search-page-166
SELECTION,Pecan Halves,185 g,"$8.00
 ea.",,$4.32 /100g,,,https://product-images.metro.ca/images/h92/hf8/10444373360670.jpg,https://www.metro.ca/en/online-grocery/search-page-166
SELECTION,Raw Pistachios,175 g,"$8.00
 ea.",,$4.57 /100g,,,https://product-images.metro.ca/images/h0f/h0c/10444359663646.jpg,https://www.metro.ca/en/online-grocery/search-page-166
SELECTION,Pecan Pieces,185 g,"$8.00
 ea.",,$4.32 /100g,,,https://product-images.metro.ca/images/h69/h74/10444385222686.jpg,https://www.metro.ca/en/online-grocery/search-page-166
SELECTION,Macadamia Nuts,175 g,"$12.00
 ea.",,$6.86 /100g,,,https://product-images.metro.ca/images/h59/hb1/10444404490270.jpg,https://www.metro.ca/en/online-grocery/search-page-166
SELECTION,Sliced Blanched Almonds,160 g,"$5.00
 ea.",,$3.13 /100g,,,https://product-images.metro.ca/images/he5/h65/10444300025886.jpg,https://www.metro.ca/en/online-grocery/search-page-166
SELECTION,Slivered Almonds,160 g,"$5.00
 ea.",,$3.13 /100g,,,https://product-images.metro.ca/images/hca/h09/10444524519454.jpg,https://www.metro.ca/en/online-grocery/search-page-166
SELECTION,Pine Nuts,120 g,"$12.00
 ea.",,$10.00 /100g,,,https://product-images.metro.ca/images/h99/hee/10444394463262.jpg,https://www.metro.ca/en/online-grocery/search-page-166
SELECTION,Walnut Crumbs,180 g,"$5.00
 ea.",,$2.78 /100g,,,https://product-images.metro.ca/images/h14/h0d/10444441845790.jpg,https://www.metro.ca/en/online-grocery/search-page-166
SELECTION,Ground Almonds,150 g,"$5.00
 ea.",,$3.33 /100g,,,https://product-images.metro.ca/images/hfe/hdb/10444578619422.jpg,https://www.metro.ca/en/online-grocery/search-page-166
SELECTION,Walnut Halves,150 g,"$5.00
 ea.",,$3.33 /100g,,,https://product-images.metro.ca/images/h8b/hc6/10444408160286.jpg,https://www.metro.ca/en/online-grocery/search-page-166
SELECTION,Ground Flax Seeds,400 g,"$5.00
 ea.",,$1.25 /100g,,,https://product-images.metro.ca/images/h97/h52/10444668010526.jpg,https://www.metro.ca/en/online-grocery/search-page-166
SELECTION,Dried Pineapple,400 g,"$5.00
 ea.",,$1.25 /100g,,,https://product-images.metro.ca/images/h6a/hc6/10444275974174.jpg,https://www.metro.ca/en/online-grocery/search-page-166
SELECTION,10" Spinach Flour Tortillas,450 g,"$5.29
 ea.",,$1.18 /100g,,,,https://www.metro.ca/en/online-grocery/search-page-166
SELECTION,Raw Cashews,240 g,"$8.00
 ea.",,$3.33 /100g,,,https://product-images.metro.ca/images/h03/hd7/10444563349534.jpg,https://www.metro.ca/en/online-grocery/search-page-166
SELECTION,Whole Hazelnuts,230 g,"$8.00
 ea.",,$3.48 /100g,,,https://product-images.metro.ca/images/h35/hbc/10444447023134.jpg,https://www.metro.ca/en/online-grocery/search-page-166
SELECTION,68% Vegetable Oil Margarine,3.18 kg,"$14.29
 ea.",,$0.45 /100g,,,https://product-images.metro.ca/images/hbc/h94/10308190240798.jpg,https://www.metro.ca/en/online-grocery/search-page-166
SELECTION,"10"" Flour Tortillas, Value Pack",900 g,"$6.99
 ea.",,$0.78 /100g,,,,https://www.metro.ca/en/online-grocery/search-page-166
IRRESISTIBLES,Extra Virgin Olive Oil,3 l,"$36.49
 ea.",,$1.22 /100ml,,,https://product-images.metro.ca/images/h9c/ha9/10823203192862.jpg,https://www.metro.ca/en/online-grocery/search-page-166
IRRESISTIBLES,Frozen Large Cut Sweet Potato Fries,454 g,"$3.99
 ea.",,$0.88 /100g,,,https://product-images.metro.ca/images/h35/h36/11521866039326.jpg,https://www.metro.ca/en/online-grocery/search-page-167
SELECTION,Sliced Pickled Jalapeño Peppers,375 mL,"$2.49
 ea.",,$0.66 /100ml,"Regular price
$2.99  ea.","Valid until Jan 24, 2024",https://product-images.metro.ca/images/hd6/h2d/11521112440862.jpg,https://www.metro.ca/en/online-grocery/search-page-167
SELECTION,Frozen Quarter Pound Beef Burgers,1.36 kg,"$15.99
 ea.",,$1.18 /100g,,,https://product-images.metro.ca/images/h7e/h31/10254101839902.jpg,https://www.metro.ca/en/online-grocery/search-page-167
CARR'S,Cheese Flavoured Crackers,150 g,"$3.99
 ea.",,$2.66 /100g,,,https://product-images.metro.ca/images/h97/hbb/9652932083742.jpg,https://www.metro.ca/en/online-grocery/search-page-167
CASTELLO,Light Swiss Cheese Slices,125 g,"$6.99
 ea.",,$5.59 /100g,"Regular price
$7.99  ea.","Valid until Jan 17, 2024",https://product-images.metro.ca/images/haa/hd4/10399754027038.jpg,https://www.metro.ca/en/online-grocery/search-page-167
ROBIN HOOD,Organic All Purpose Flour,2 kg,"$9.49
 ea.",,$0.47 /100g,"Regular price
$10.29  ea.","Valid until Feb 7, 2024",https://product-images.metro.ca/images/h09/h11/10475504861214.jpg,https://www.metro.ca/en/online-grocery/search-page-167
MINUTE RICE,Ready-To-Serve White Rice,2x125 g,"2 / 
$5.50",,$2.20 /100g,"Regular price
$3.29  ea.","Valid until Jan 24, 2024",https://product-images.metro.ca/images/hce/h59/11432928772126.jpg,https://www.metro.ca/en/online-grocery/search-page-167
IRRESISTIBLES,Sea Salt Flavoured Old-Fashioned Chips,300 g,"$3.49
 ea.",,$1.16 /100g,,,https://product-images.metro.ca/images/hb0/h08/9652149616670.jpg,https://www.metro.ca/en/online-grocery/search-page-167
IRRESISTIBLES,Seasoned Panko Breadcrumbs,227 g,"$2.49
 ea.",,$1.10 /100g,"Regular price
$2.99  ea.","Valid until Jan 24, 2024",https://product-images.metro.ca/images/hc2/h53/11521604550686.jpg,https://www.metro.ca/en/online-grocery/search-page-167
IRRESISTIBLES,Prosciutto,100 g,"$8.49
 ea.",,$8.49 /100g,,,https://product-images.metro.ca/images/h3e/h32/9873383096350.jpg,https://www.metro.ca/en/online-grocery/search-page-167
IRRESISTIBLES,Sliced Kalamata Olives,375 mL,"$3.79
 ea.",,$1.01 /100ml,,,https://product-images.metro.ca/images/h5c/hd8/9662963712030.jpg,https://www.metro.ca/en/online-grocery/search-page-167
IRRESISTIBLES,Whole Kalamata Olives,375 mL,"$3.79
 ea.",,$1.01 /100ml,,,https://product-images.metro.ca/images/heb/h95/9662963843102.jpg,https://www.metro.ca/en/online-grocery/search-page-167
LIFE SMART,"Caesar Dressing, Naturalia",250 mL,"$2.99
 ea.",,$1.20 /100ml,"Regular price
$3.29  ea.","Valid until Jan 24, 2024",,https://www.metro.ca/en/online-grocery/search-page-167
SELECTION,De-Icing Salt,10 kg,"$3.79
 ea.",,$0.04 /100g,,,https://product-images.metro.ca/images/h21/h30/9708319703070.jpg,https://www.metro.ca/en/online-grocery/search-page-167
IRRESISTIBLES,Classic Sparkling Apple Must,750 mL,"$5.49
 ea.",,$0.73 /100ml,"Regular price
$6.79  ea.","Valid until Jan 10, 2024",https://product-images.metro.ca/images/h34/hba/9761201192990.jpg,https://www.metro.ca/en/online-grocery/search-page-167
SELECTION,Mayonnaise,750 mL,"$4.99
 ea.",,$0.67 /100ml,"Regular price
$5.49  ea.","Valid until Jan 24, 2024",https://product-images.metro.ca/images/h9c/h48/9518618116126.jpg,https://www.metro.ca/en/online-grocery/search-page-167
SELECTION,"Hot Italian Sausages, Value Pack",750 g,"$8.49
 ea.",,$1.21 /100g,"Regular price
$8.99  ea.","Valid until Jan 17, 2024",,https://www.metro.ca/en/online-grocery/search-page-167
SELECTION,"Mild Italian Sausages, Value Pack",750 g,"$8.49
 ea.",,$1.21 /100g,"Regular price
$8.99  ea.","Valid until Jan 17, 2024",,https://www.metro.ca/en/online-grocery/search-page-167
SELECTION,"Chicken Flavoured Puppies Dry Dog Food, Proteine 1",2 kg,"$6.99
 ea.",,$0.35 /100g,"Regular price
$7.79  ea.","Valid until Jan 24, 2024",,https://www.metro.ca/en/online-grocery/search-page-167
LIFE SMART,Assorted Flavours No Sugar Added Fruit Snack,20x90 g,"$9.99
 ea.",,$0.56 /100g,,,https://product-images.metro.ca/images/h6b/hb2/12171906744350.jpg,https://www.metro.ca/en/online-grocery/search-page-167
IRRESISTIBLES,Salted Roasted In Shell Sunflower Seeds,275 g,"$3.49
 ea.",,$1.27 /100g,,,https://product-images.metro.ca/images/hf9/h42/9520022061086.jpg,https://www.metro.ca/en/online-grocery/search-page-167
SELECTION,"Frozen Chicken Nuggets, Chickenosaurus",800 g,"$10.99
 ea.",,$1.37 /100g,,,,https://www.metro.ca/en/online-grocery/search-page-167
SELECTION,Frozen Breaded Chicken Strips,800 g,"$10.99
 ea.",,$1.37 /100g,,,https://product-images.metro.ca/images/h9e/h27/9204922744862.jpg,https://www.metro.ca/en/online-grocery/search-page-167
IRRESISTIBLES,Lemon Mayonnaise,300 mL,"$3.49
 ea.",,$1.16 /100ml,,,https://product-images.metro.ca/images/h4a/h3b/9230148141086.jpg,https://www.metro.ca/en/online-grocery/search-page-167
SELECTION,Frozen Chicken Nuggets,800 g,"$10.99
 ea.",,$1.37 /100g,,,https://product-images.metro.ca/images/h33/h7d/10009482690590.jpg,https://www.metro.ca/en/online-grocery/search-page-167
SELECTION,Frozen Breaded Chicken Burgers,800 g,"$10.99
 ea.",,$1.37 /100g,,,https://product-images.metro.ca/images/hc6/h60/10009483083806.jpg,https://www.metro.ca/en/online-grocery/search-page-167
IRRESISTIBLES,Organic Prepared Yellow Mustard,325 mL,"$4.99
 ea.",,$1.54 /100ml,,,https://product-images.metro.ca/images/h95/h7a/9288805744670.jpg,https://www.metro.ca/en/online-grocery/search-page-167
SELECTION,Brie Cheeese,350 g,"$13.29
 ea.",,$3.80 /100g,,,https://product-images.metro.ca/images/h8f/hc6/9973659238430.jpg,https://www.metro.ca/en/online-grocery/search-page-167
IRRESISTIBLES,"Frozen Cauliflower Pizza Crusts, Naturalia",500 g,"$8.49
 ea.",,$1.70 /100g,"Regular price
$9.49  ea.","Valid until Feb 14, 2024",,https://www.metro.ca/en/online-grocery/search-page-167
SELECTION,Sweet Licorice Style Bites Candy,350 g,"$4.69
 ea.",,$1.34 /100g,,,https://product-images.metro.ca/images/h1a/h97/9520087990302.jpg,https://www.metro.ca/en/online-grocery/search-page-167
SELECTION,Mini Jelly Beans,275 g,"$4.79
 ea.",,$1.74 /100g,,,https://product-images.metro.ca/images/h9c/hbb/9520069476382.jpg,https://www.metro.ca/en/online-grocery/search-page-168
IRRESISTIBLES,Sardines In Soy Oil,106 g,"$1.99
 ea.",,$1.88 /100g,"Regular price
$2.29  ea.","Valid until Jan 24, 2024",https://product-images.metro.ca/images/h24/h7f/9338977878046.jpg,https://www.metro.ca/en/online-grocery/search-page-168
SELECTION,Fruit Flavoured Candy Sticks,350 g,"$4.69
 ea.",,$1.34 /100g,,,https://product-images.metro.ca/images/h1f/ha0/9644794740766.jpg,https://www.metro.ca/en/online-grocery/search-page-168
SELECTION,Juice Boxes Variety Pack,40x200 mL,"$12.99
 ea.",,$0.16 /100ml,,,https://product-images.metro.ca/images/h7a/hef/11817003089950.jpg,https://www.metro.ca/en/online-grocery/search-page-168
SELECTION,Guava Nectar,1 L,"$1.49
 ea.",,$0.15 /100ml,"Regular price
$1.89  ea.","Valid until Jan 24, 2024",https://product-images.metro.ca/images/h29/hdf/10789024432158.jpg,https://www.metro.ca/en/online-grocery/search-page-168
SELECTION,Sour Gummies Candy,400 g,"$4.99
 ea.",,$1.25 /100g,,,https://product-images.metro.ca/images/h59/hd5/10091187765278.jpg,https://www.metro.ca/en/online-grocery/search-page-168
SELECTION,Lasagna Pasta,750 g,"$4.79
 ea.",,$0.64 /100g,,,https://product-images.metro.ca/images/h4f/h8f/10789027610654.jpg,https://www.metro.ca/en/online-grocery/search-page-168
SELECTION,Jumbo Shells,340 g,"$3.49
 ea.",,$1.03 /100g,,,https://product-images.metro.ca/images/h02/he0/9730847801374.jpg,https://www.metro.ca/en/online-grocery/search-page-168
SELECTION,Elbow Macaroni Pasta,2.27 kg,"$4.99
 ea.",,$0.22 /100g,,,https://product-images.metro.ca/images/hab/h11/9520172990494.jpg,https://www.metro.ca/en/online-grocery/search-page-168
SELECTION,Spaghettini,2.27 kg,"$4.99
 ea.",,$0.22 /100g,,,https://product-images.metro.ca/images/hf8/h1c/12191811010590.jpg,https://www.metro.ca/en/online-grocery/search-page-168
SELECTION,Sparkling Water,6x1 L,"$4.99
 ea.",,$0.08 /100ml,"Regular price
$5.19  ea.","Valid until Jan 10, 2024",https://product-images.metro.ca/images/hef/h3e/9536288391198.jpg,https://www.metro.ca/en/online-grocery/search-page-168
IRRESISTIBLES,"Organic Atlantic Smoked Salmon Slices, Organic",100 g,"$13.99
 ea.",,$13.99 /100g,,,,https://www.metro.ca/en/online-grocery/search-page-168
IRRESISTIBLES,Provolone Cheese Slices,350 g,"$13.29
 ea.",,$3.80 /100g,,,https://product-images.metro.ca/images/hfd/haf/9520204972062.jpg,https://www.metro.ca/en/online-grocery/search-page-168
SELECTION,Spaghetti,2.27 kg,"$4.99
 ea.",,$0.22 /100g,,,https://product-images.metro.ca/images/h76/h80/9520204054558.jpg,https://www.metro.ca/en/online-grocery/search-page-168
SELECTION,Sliced Cooked Ham,250 g,"$6.99
 ea.",,$2.80 /100g,"Regular price
$7.49  ea.","Valid until Jan 17, 2024",https://product-images.metro.ca/images/h0a/h97/10009505202206.jpg,https://www.metro.ca/en/online-grocery/search-page-168
SELECTION,Sliced Salami,250 g,"$5.79
 ea.",,$2.32 /100g,,,https://product-images.metro.ca/images/h2d/hca/10009505857566.jpg,https://www.metro.ca/en/online-grocery/search-page-168
IRRESISTIBLES,Pho Broth,946 mL,"$2.99
 ea.",,$0.32 /100ml,,,https://product-images.metro.ca/images/hc6/h90/9520238231582.jpg,https://www.metro.ca/en/online-grocery/search-page-168
SELECTION,Feta Cheese,2x150 g,"$8.99
 ea.",,$3.00 /100g,,,https://product-images.metro.ca/images/hc7/h82/9520408690718.jpg,https://www.metro.ca/en/online-grocery/search-page-168
IRRESISTIBLES,Honey-Garlic BBQ Sauce,360 mL,"$3.99
 ea.",,$1.11 /100ml,,,https://product-images.metro.ca/images/hc5/h5b/9445068603422.jpg,https://www.metro.ca/en/online-grocery/search-page-168
IRRESISTIBLES,Original Barbecue Sauce,360 mL,"$3.99
 ea.",,$1.11 /100ml,,,https://product-images.metro.ca/images/h1f/hc2/9445068668958.jpg,https://www.metro.ca/en/online-grocery/search-page-168
IRRESISTIBLES,Southwest Style Barbecue Sauce,360 mL,"$3.99
 ea.",,$1.11 /100ml,,,https://product-images.metro.ca/images/ha7/hd5/9445067882526.jpg,https://www.metro.ca/en/online-grocery/search-page-168
IRRESISTIBLES,Diablo Smoke House Barbecue Sauce,360 mL,"$3.99
 ea.",,$1.11 /100ml,,,https://product-images.metro.ca/images/h7b/h31/9445077876766.jpg,https://www.metro.ca/en/online-grocery/search-page-168
IRRESISTIBLES,Montreal Steak Spice Barbecue Sauce,360 mL,"$3.99
 ea.",,$1.11 /100ml,,,https://product-images.metro.ca/images/h4d/h80/9551065448478.jpg,https://www.metro.ca/en/online-grocery/search-page-168
IRRESISTIBLES,Whisky Flavoured Barbecue Sauce,360 mL,"$3.99
 ea.",,$1.11 /100ml,,,https://product-images.metro.ca/images/h81/h09/9551065546782.jpg,https://www.metro.ca/en/online-grocery/search-page-168
SELECTION,Cooked Turkey Breast,200 g,"$6.99
 ea.",,$3.50 /100g,,,https://product-images.metro.ca/images/h89/haa/10009669926942.jpg,https://www.metro.ca/en/online-grocery/search-page-168
SELECTION,Sliced Bologna,250 g,"$4.49
 ea.",,$1.80 /100kg,"Regular price
$4.99  ea.","Valid until Jan 17, 2024",https://product-images.metro.ca/images/h8c/h45/10344268693534.jpg,https://www.metro.ca/en/online-grocery/search-page-168
SELECTION,Waxed Style Bologna Slices,250 g,"$4.49
 ea.",,$1.80 /100kg,"Regular price
$4.99  ea.","Valid until Jan 17, 2024",https://product-images.metro.ca/images/hff/h04/10009525714974.jpg,https://www.metro.ca/en/online-grocery/search-page-168
SELECTION,Old-Fashioned Smoked Ham,200 g,"$6.79
 ea.",,$3.40 /100g,,,https://product-images.metro.ca/images/hc5/h04/9647105343518.jpg,https://www.metro.ca/en/online-grocery/search-page-168
IRRESISTIBLES,Pitted Prunes,350 g,"$7.99
 ea.",,$2.28 /100g,,,https://product-images.metro.ca/images/h7a/hef/11521768947742.jpg,https://www.metro.ca/en/online-grocery/search-page-168
,White Small Potato,3 lb,"$2.99
 ea.",,$0.22 /100lb.,,,https://product-images.metro.ca/images/h59/hfc/10936836489246.jpg,https://www.metro.ca/en/online-grocery/search-page-168
SELECTION,"Assorted Pepperoni, Salami And Smoked Ham",250 g,"$5.49
 ea.",,$2.20 /100kg,"Regular price
$5.99  ea.","Valid until Jan 10, 2024",https://product-images.metro.ca/images/he3/h94/10823526187038.jpg,https://www.metro.ca/en/online-grocery/search-page-169
IRRESISTIBLES,"Dijon Prepared Mustard, Organics",325 mL,"$4.99
 ea.",,$1.54 /100ml,,,,https://www.metro.ca/en/online-grocery/search-page-169
SELECTION,Montreal Steak Spice,825 g,"$10.99
 ea.",,$1.33 /100g,,,https://product-images.metro.ca/images/h6c/h83/9249847181342.jpg,https://www.metro.ca/en/online-grocery/search-page-169
IRRESISTIBLES,Chocolate Chip And Chunks Muffins,600 g,"$7.99
 ea.",,$1.33 /100g,,,https://product-images.metro.ca/images/he2/hbf/9325456031774.jpg,https://www.metro.ca/en/online-grocery/search-page-169
IRRESISTIBLES,Apple Crumble,1 kg,"$7.99
 ea.",,$0.80 /100g,"Regular price
$10.49  ea.","Valid until Jan 10, 2024",https://product-images.metro.ca/images/h50/he9/11521564737566.jpg,https://www.metro.ca/en/online-grocery/search-page-169
IRRESISTIBLES,Frozen Montreal Steak Spice Mammoth Size Beef Burger...,1.02 kg,"$18.99
 ea.",,$1.86 /100g,,,,https://www.metro.ca/en/online-grocery/search-page-169
IRRESISTIBLES,"Frozen Angus Beef Burgers, Butcher Shop",852 g,"$18.99
 ea.",,$2.23 /100g,,,,https://www.metro.ca/en/online-grocery/search-page-169
SELECTION,All Beef Wieners,375 g,"$7.99
 ea.",,$2.13 /100g,,,https://product-images.metro.ca/images/h2b/h2e/11198036115486.jpg,https://www.metro.ca/en/online-grocery/search-page-169
IRRESISTIBLES,"Frozen Sirloin Beef Burgers, Butcher Shop",852 g,"$18.99
 ea.",,$2.23 /100g,,,,https://www.metro.ca/en/online-grocery/search-page-169
IRRESISTIBLES,Frozen Bacon And Cheddar Stuffed Burgers,1.02 kg,"$18.99
 ea.",,$1.86 /100g,,,https://product-images.metro.ca/images/h3f/h28/11157649522718.jpg,https://www.metro.ca/en/online-grocery/search-page-169
SELECTION,Mild Marble Cheddar Sliced Cheese,500 g,"$8.99
 ea.",,$1.80 /100g,,,https://product-images.metro.ca/images/h76/h9f/11994942111774.jpg,https://www.metro.ca/en/online-grocery/search-page-169
IRRESISTIBLES,Classic Waffle,400 g,"$6.49
 ea.",,$1.62 /100g,,,https://product-images.metro.ca/images/ha7/h49/11931085570078.jpg,https://www.metro.ca/en/online-grocery/search-page-169
SELECTION,Bear Shaped Mix Candy,600 g,"$7.00
 ea.",,$1.17 /100g,,,https://product-images.metro.ca/images/h59/h25/12272656318494.jpg,https://www.metro.ca/en/online-grocery/search-page-169
SELECTION,Orange Slice Candy,350 g,"$5.49
 ea.",,$1.57 /100g,,,https://product-images.metro.ca/images/h27/h61/12272524984350.jpg,https://www.metro.ca/en/online-grocery/search-page-169
SELECTION,Bubble Gum Bottle Shaped Candy,375 g,"$5.49
 ea.",,$1.46 /100g,,,https://product-images.metro.ca/images/hf9/h8b/12272381296670.jpg,https://www.metro.ca/en/online-grocery/search-page-169
SELECTION,Sour Grape Flavoured Spiral Candy,400 g,"$5.49
 ea.",,$1.37 /100g,,,https://product-images.metro.ca/images/he5/h46/12273113301022.jpg,https://www.metro.ca/en/online-grocery/search-page-169
SELECTION,Orange Flavoured Sour Spiral Candy,400 g,"$5.49
 ea.",,$1.37 /100g,,,https://product-images.metro.ca/images/h59/h55/12272910598174.jpg,https://www.metro.ca/en/online-grocery/search-page-169
SELECTION,Fruit Blast Candy Mix,325 g,"$5.49
 ea.",,$1.69 /100g,,,https://product-images.metro.ca/images/h75/h3f/12272324182046.jpg,https://www.metro.ca/en/online-grocery/search-page-169
SELECTION,Sour Mix Candy,550 g,"$7.00
 ea.",,$1.27 /100g,,,https://product-images.metro.ca/images/hf5/h1c/12273040752670.jpg,https://www.metro.ca/en/online-grocery/search-page-169
IRRESISTIBLES,Original Naan,400 g,"$6.99
 ea.",,$1.75 /100g,,,https://product-images.metro.ca/images/h1d/hfb/12205563117598.jpg,https://www.metro.ca/en/online-grocery/search-page-169
IRRESISTIBLES,Fruit Nut Muffin,600 g,"$7.99
 ea.",,$7.99 /un.,,,https://product-images.metro.ca/images/hb7/hcd/12205556039710.jpg,https://www.metro.ca/en/online-grocery/search-page-169
SELECTION,Chocolat Buds Candy,500 g,"$6.00
 ea.",,$1.20 /100g,,,https://product-images.metro.ca/images/h0f/h69/12272903520286.jpg,https://www.metro.ca/en/online-grocery/search-page-169
SELECTION,Nordic Berry Candy,600 g,"$6.00
 ea.",,$1.00 /100g,,,https://product-images.metro.ca/images/h7b/h73/12273030955038.jpg,https://www.metro.ca/en/online-grocery/search-page-169
SELECTION,Chocolaty Macaroon Candy,500 g,"$6.00
 ea.",,$1.20 /100g,,,https://product-images.metro.ca/images/hd7/hb4/12272585736222.jpg,https://www.metro.ca/en/online-grocery/search-page-169
DELECTABLES,"Chicken Cat Treats, Squeeze Up",4 un,"$2.99
 ea.",,$0.75 /un.,,,,https://www.metro.ca/en/online-grocery/search-page-169
MR. CLEAN,Magic Eraser Dry Sheets,8 un,"$5.49
 ea.",,$0.69 /un.,,,https://product-images.metro.ca/images/h1f/he1/9516146655262.jpg,https://www.metro.ca/en/online-grocery/search-page-169
FEBREZE,"Linen And Sky Scented Air Fresheners, Small Spaces",2x7.5 mL,"$4.00
 ea.",,$26.67 /100ml,"Regular price
$7.99  ea.","Valid until Apr 18, 2024",,https://www.metro.ca/en/online-grocery/search-page-169
FEBREZE,"Hawaiian Aloha™ Scented Air Freshener, Small Spaces",1 un,"$4.99
 ea.",,$66.53 /100ml,,,,https://www.metro.ca/en/online-grocery/search-page-169
,Frozen Ready-To-Bake Croissants,420 g,"$9.79
 ea.",,$2.33 /100g,"Regular price
$9.99  ea.","Valid until Jan 17, 2024",https://product-images.metro.ca/images/h7a/hc1/10913258373150.jpg,https://www.metro.ca/en/online-grocery/search-page-169
MÉRITE,Frozen Ready-To-Bake Raisin Danishes,460 g,"$6.79
 ea.",,$1.48 /100g,"Regular price
$6.99  ea.","Valid until Jan 17, 2024",https://product-images.metro.ca/images/h9e/haa/9976043503646.jpg,https://www.metro.ca/en/online-grocery/search-page-169
,Frozen Ready-To-Bake Chocolate Croissants,480 g,"$9.79
 ea.",,$2.04 /100g,"Regular price
$9.99  ea.","Valid until Jan 17, 2024",https://product-images.metro.ca/images/h1e/h71/10913259520030.jpg,https://www.metro.ca/en/online-grocery/search-page-170
PREMIÈRE MOISSON,Country Style Panini,950 g,"$6.99
 ea.",,$0.74 /100g,,"Valid until Jan 17, 2024",https://product-images.metro.ca/images/h1e/hf9/11584886276126.jpg,https://www.metro.ca/en/online-grocery/search-page-170
PREMIÈRE MOISSON,Original Croissant Rolls,300 g,"$4.79
 ea.",,$1.60 /100g,,,https://product-images.metro.ca/images/h3a/h25/11541258600478.jpg,https://www.metro.ca/en/online-grocery/search-page-170
PREMIÈRE MOISSON,Belgian Mountain Trail Mix Loaf,425 g,"$6.49
 ea.",,$1.53 /100g,,,https://product-images.metro.ca/images/h97/hdf/10437651169310.jpg,https://www.metro.ca/en/online-grocery/search-page-170
PREMIÈRE MOISSON,French Demi-Baguettes,350 g,"$3.99
 ea.",,$1.14 /100g,,,https://product-images.metro.ca/images/h2d/hbf/10327759487006.jpg,https://www.metro.ca/en/online-grocery/search-page-170
PREMIÈRE MOISSON,Organic White Rolls,300 g,"$3.99
 ea.",,$1.33 /100g,,,https://product-images.metro.ca/images/h0a/h54/11571089309726.jpg,https://www.metro.ca/en/online-grocery/search-page-170
PREMIÈRE MOISSON,Organic 7 Grain Loaf,500 g,"$6.99
 ea.",,$1.40 /100g,,,https://product-images.metro.ca/images/hb8/h8c/11432937193502.jpg,https://www.metro.ca/en/online-grocery/search-page-170
PREMIÈRE MOISSON,Automn Belgian Loaf,525 g,"$6.49
 ea.",,$1.24 /100g,,,https://product-images.metro.ca/images/hec/h7f/11926863839262.jpg,https://www.metro.ca/en/online-grocery/search-page-170
KASHI,Chocolate And Peanut Butter Flavoured Whole Grain Bars,175 g,"$5.29
 ea.",,$15.11 /100g,,,https://product-images.metro.ca/images/h2a/hb4/11257178980382.jpg,https://www.metro.ca/en/online-grocery/search-page-170
DIAL,Spring Water® Hydrating Body Wash,473 mL,"$6.99
 ea.",,$1.48 /100ml,,,https://product-images.metro.ca/images/h58/h59/11351715348510.jpg,https://www.metro.ca/en/online-grocery/search-page-170
DIAL,Marula Oil™ Nourishing Body Wash,473 mL,"$6.99
 ea.",,$1.48 /100ml,,,https://product-images.metro.ca/images/hca/h6f/9567238520862.jpg,https://www.metro.ca/en/online-grocery/search-page-170
KASHI,Strawberry Flavoured 7 Grain Soft Cereal Bars,175 g,"$5.29
 ea.",,$3.02 /100g,,,https://product-images.metro.ca/images/h8d/h72/10841564971038.jpg,https://www.metro.ca/en/online-grocery/search-page-170
KASHI,Cocoa Flavoured 7 Grain Soft Cereal Bars,175 g,"$5.29
 ea.",,$3.02 /100g,,,https://product-images.metro.ca/images/h0f/h4f/11574234284062.jpg,https://www.metro.ca/en/online-grocery/search-page-170
KELLOGG'S,"Mocha And Almond Granola Bar, Kashi",175 g,"$5.29
 ea.",,$3.02 /100g,,,,https://www.metro.ca/en/online-grocery/search-page-170
KELLOGG'S,"Dark Chocolate, Almond And Sea Salt Flavoured Granol...",175 g,"$5.29
 ea.",,$3.02 /100g,,,,https://www.metro.ca/en/online-grocery/search-page-170
KASHI,Maple Crispy Waffle Cereal,269 g,"$7.49
 ea.",,$2.78 /100g,,,https://product-images.metro.ca/images/h2c/hd7/11829898739742.jpg,https://www.metro.ca/en/online-grocery/search-page-170
KASHI,Organic Apple Cinnamon Flax Crunchy Bar,200 g,"$5.29
 ea.",,$2.65 /100g,,,https://product-images.metro.ca/images/h9a/h77/11627819794462.jpg,https://www.metro.ca/en/online-grocery/search-page-170
HUGGIES,"Size 1 Diapers, Little Snugglers",32 un,"$15.99
 ea.",,$0.50 /un.,,,,https://www.metro.ca/en/online-grocery/search-page-170
HUGGIES,"Newborn Diapers, Little Snugglers",31 un,"$15.99
 ea.",,$0.52 /un.,,,,https://www.metro.ca/en/online-grocery/search-page-170
HUGGIES,"Size 2 Diapers, Little Snugglers",29 un,"$15.99
 ea.",,$0.55 /un.,,,,https://www.metro.ca/en/online-grocery/search-page-170
U BY KOTEX,"Unscented Ultra Thin Pads With Wings For Heavy Flow,...",14 un,"$6.79
 ea.",,$0.48 /un.,,,,https://www.metro.ca/en/online-grocery/search-page-170
U BY KOTEX,Unscented Super Plus Tampons With Compact Plastic Ap...,16 un,"$6.29
 ea.",,$0.39 /un.,,,,https://www.metro.ca/en/online-grocery/search-page-170
HUGGIES,"Size 4 Diapers, Snug & Dry",27 un,"$15.99
 ea.",,$0.59 /un.,,,,https://www.metro.ca/en/online-grocery/search-page-170
HUGGIES,"Size 5 Diapers, Snug & Dry",22 un,"$15.99
 ea.",,$0.73 /un.,,,,https://www.metro.ca/en/online-grocery/search-page-170
HUGGIES,"Size 3 Diapers, Snug & Dry",31 un,"$15.99
 ea.",,$0.52 /un.,,,,https://www.metro.ca/en/online-grocery/search-page-170
HUGGIES,"Size 6 Diapers, Snug & Dry",19 un,"$15.99
 ea.",,$0.84 /un.,,,,https://www.metro.ca/en/online-grocery/search-page-170
U BY KOTEX,Unscented Regular Tampons With Compact Plastic Appli...,32 un,"$10.79
 ea.",,$0.34 /un.,,,,https://www.metro.ca/en/online-grocery/search-page-170
U BY KOTEX,"Light Absorbency Thin Liners, Barely There",100 un,"$10.79
 ea.",,$0.11 /un.,,,,https://www.metro.ca/en/online-grocery/search-page-170
U BY KOTEX,Unscented Regular/Super Tampons With Compact Plastic...,30 un,"$10.79
 ea.",,$0.36 /un.,,,,https://www.metro.ca/en/online-grocery/search-page-170
U BY KOTEX,Unscented Regular Tampons With Compact Plastic Appli...,16 un,"$6.29
 ea.",,$0.39 /un.,,,,https://www.metro.ca/en/online-grocery/search-page-170
U BY KOTEX,Unscented Regular/Super Tampons With Compact Plastic...,15 un,"$6.29
 ea.",,$0.42 /un.,,,,https://www.metro.ca/en/online-grocery/search-page-171
HUGGIES,"Size 6 Diapers, Overnites",36 un,"$30.99
 ea.",,$0.86 /un.,"Regular price
$33.99  ea.","Valid until Feb 7, 2024",,https://www.metro.ca/en/online-grocery/search-page-171
U BY KOTEX,"Ultra Thin Pads With Wings For Regular Flow, Balance",18 un,"$6.29
 ea.",,$0.35 /un.,,,,https://www.metro.ca/en/online-grocery/search-page-171
U BY KOTEX,"Ultra Thin Pads With Wings For Heavy Flow, Balance",16 un,"$6.29
 ea.",,$0.39 /un.,,,,https://www.metro.ca/en/online-grocery/search-page-171
PAMPERS,"Newborn Diapers, Swaddlers",84 un,"$37.99
 ea.",,$0.45 /un.,,,,https://www.metro.ca/en/online-grocery/search-page-171
FEBREZE,"Linen Sky Scented Oil Fragrance, Fade Defy Plug",26 mL,"$7.99
 ea.",,$30.73 /100ml,,,,https://www.metro.ca/en/online-grocery/search-page-171
FEBREZE,"Original Gain Scented Oil Fragrance, Fade Defy Plug",26 mL,"$7.99
 ea.",,$30.73 /100ml,,,,https://www.metro.ca/en/online-grocery/search-page-171
TIDE,"Laundry Detergent For Soft Wash, Zero",1.36 L- 32 Loads,"$11.99
 ea.",,$0.88 /100ml,,,,https://www.metro.ca/en/online-grocery/search-page-171
GAIN,"Original Liquid Laundry Detergent, Aroma Boost",107 loads - 4.55 L,"$20.99
 ea.",,$0.46 /100ml,,,,https://www.metro.ca/en/online-grocery/search-page-171
GAIN,"Moonlight Breeze Scented Liquid Laundry Detergent, A...",107 loads - 4.55 L,"$20.99
 ea.",,$0.46 /100ml,,,,https://www.metro.ca/en/online-grocery/search-page-171
SWIFFER,"Dry Sweeping Cloth Refills, Sweeper Heavy Duty Pet Dry",20 un,"$13.49
 ea.",,$0.67 /un.,,,,https://www.metro.ca/en/online-grocery/search-page-171
ALWAYS,"Unscented Pads With Wings Heavy Flow Size 2, Infinit...",32 un,"$10.99
 ea.",,$0.34 /un.,,,,https://www.metro.ca/en/online-grocery/search-page-171
SILK,Vanilla Almond Plant-Based Coffee Whitener,890 mL,"$6.49
 ea.",,$0.73 /100ml,,,https://product-images.metro.ca/images/h88/hf1/11574216130590.jpg,https://www.metro.ca/en/online-grocery/search-page-171
SILK,Vanilla Oat Plant-Based Coffee Whitener,890 mL,"$6.49
 ea.",,$0.73 /100ml,,,https://product-images.metro.ca/images/h1c/h78/11422052220958.jpg,https://www.metro.ca/en/online-grocery/search-page-171
DOWNY,Lavender And Vanilla Bean Scented Liquid Fabric Soft...,1.92 L,"$13.99
 ea.",,$0.73 /100ml,,,,https://www.metro.ca/en/online-grocery/search-page-171
GAIN,"Laundry Detergent Pods, Flings!",42 un,"$14.99
 ea.",,$0.36 /un.,"Regular price
$16.29  ea.","Valid until Feb 7, 2024",,https://www.metro.ca/en/online-grocery/search-page-171
SILK,Organic Unsweetened Coconut Fortified Plant-Based B...,946 mL,"$3.39
 ea.",,$0.36 /100ml,,,,https://www.metro.ca/en/online-grocery/search-page-171
SWIFFER,"Multi-Surface Wet Cleaning Clothes, Sweeper",24 un,"$13.99
 ea.",,$0.58 /un.,,,,https://www.metro.ca/en/online-grocery/search-page-171
U BY KOTEX,"Regular Ultra Thin Pads With Wings, Balance",36 un,"$10.79
 ea.",,$0.30 /un.,,,,https://www.metro.ca/en/online-grocery/search-page-171
U BY KOTEX,Overnight Ultra Thin Pads,13 un,"$6.29
 ea.",,$0.48 /un.,,,https://product-images.metro.ca/images/hf9/hea/11399343538206.jpg,https://www.metro.ca/en/online-grocery/search-page-171
,Bag Of Honey Crisp Apples,3 lb,"$8.99
 ea.",,$0.66 /100g,,,https://product-images.metro.ca/images/h11/h0b/9190267781150.jpg,https://www.metro.ca/en/online-grocery/search-page-171
TRADITIONAL MEDICINALS,Raspberry Leaves Organic Tea Bag,16 un,"$6.29
 ea.",,$0.39 /un.,,,https://product-images.metro.ca/images/h03/he6/11679765725214.jpg,https://www.metro.ca/en/online-grocery/search-page-171
TRADITIONAL MEDICINALS,PassionFlower Nighty Night Organic Tea Bag,16 un,"$6.29
 ea.",,$0.39 /un.,,,https://product-images.metro.ca/images/hf4/h26/11590795591710.jpg,https://www.metro.ca/en/online-grocery/search-page-171
,Red Onion,2 lb,"$4.99
 ea.",,$0.55 /100lb.,,,https://www.metro.ca/images/shared/placeholders/icon-no-picture.svg?v=2023.71.1.d1,https://www.metro.ca/en/online-grocery/search-page-171
SELECTION,Mayonnaise With Olive Oil,890 mL,"$4.99
 ea.",,$0.56 /100ml,"Regular price
$5.79  ea.","Valid until Jan 24, 2024",https://product-images.metro.ca/images/hee/h5e/10183887585310.jpg,https://www.metro.ca/en/online-grocery/search-page-171
,Packed Sweet Corn,4 units per package,"$5.99
 ea.",,$1.50 /un.,,,https://product-images.metro.ca/images/h6d/h33/9316971479070.jpg,https://www.metro.ca/en/online-grocery/search-page-171
IRRESISTIBLES,Medium Roast Decaffeinated Colombian Ground Coffee,340 g,"$6.99
 ea.",,$2.06 /100g,"Regular price
$8.49  ea.","Valid until Jan 10, 2024",https://product-images.metro.ca/images/h5f/h49/10777171984414.jpg,https://www.metro.ca/en/online-grocery/search-page-171
IRRESISTIBLES,Dark Chocolate Covered Almonds,300 g,"$4.49
 ea.",,$1.50 /100g,"Regular price
$4.99  ea.","Valid until Jan 24, 2024",https://product-images.metro.ca/images/hac/h13/12175309537310.jpg,https://www.metro.ca/en/online-grocery/search-page-171
LIFE SMART,"Roasted Organic Cashews, Naturalia",350 g,"$10.99
 ea.",,$3.14 /100g,,,,https://www.metro.ca/en/online-grocery/search-page-171
LIFE SMART,"Organic Walnuts, Naturalia",100 g,"$4.99
 ea.",,$4.99 /100g,,,,https://www.metro.ca/en/online-grocery/search-page-171
LIFE SMART,"Organic Almonds, Naturalia",325 g,"$13.99
 ea.",,$4.30 /100g,,,,https://www.metro.ca/en/online-grocery/search-page-172
LIFE SMART,"Organic Pitted Prune, Naturalia",200 g,"$6.99
 ea.",,$3.50 /100g,,,,https://www.metro.ca/en/online-grocery/search-page-172
LIFE SMART,"Organic Dried Apricots, Naturalia",300 g,"$6.99
 ea.",,$2.33 /100g,,,,https://www.metro.ca/en/online-grocery/search-page-172
IRRESISTIBLES,"Nuts, Dried Fruits And Seeds Mix",336 g,"$6.99
 ea.",,$2.08 /100g,,,https://product-images.metro.ca/images/h39/h6d/11521921024030.jpg,https://www.metro.ca/en/online-grocery/search-page-172
IRRESISTIBLES,Dark Chocolate Covered Cranberries,300 g,"$4.49
 ea.",,$1.50 /100g,"Regular price
$4.99  ea.","Valid until Jan 24, 2024",https://product-images.metro.ca/images/h34/h91/10946475851806.jpg,https://www.metro.ca/en/online-grocery/search-page-172
IRRESISTIBLES,Jumbo Raisin Chocolate,340 g,"$4.49
 ea.",,$1.32 /100g,"Regular price
$4.99  ea.","Valid until Jan 24, 2024",https://product-images.metro.ca/images/h73/h72/10946402680862.jpg,https://www.metro.ca/en/online-grocery/search-page-172
IRRESISTIBLES,"Dry Cured Bacon, Artisan",375 g,"$7.99
 ea.",,$2.13 /100g,"Regular price
$8.99  ea.","Valid until Jan 17, 2024",,https://www.metro.ca/en/online-grocery/search-page-172
IRRESISTIBLES,Ultimate Premium Popcorn Mix,520 g,"$7.99
 ea.",,$1.54 /100g,,,https://product-images.metro.ca/images/h97/h08/11522072739870.jpg,https://www.metro.ca/en/online-grocery/search-page-172
IRRESISTIBLES,Premium Roasted And Candied Nut Mix,500 g,"$13.99
 ea.",,$2.80 /100g,,,https://product-images.metro.ca/images/h85/h93/12175396732958.jpg,https://www.metro.ca/en/online-grocery/search-page-172
IRRESISTIBLES,Ultimate Premium Peanut Mix,600 g,"$7.99
 ea.",,$1.33 /100g,,,https://product-images.metro.ca/images/ha6/hb2/11522074181662.jpg,https://www.metro.ca/en/online-grocery/search-page-172
SELECTION,Natural Spring Water,8 L,"$4.99
 ea.",,$0.06 /100ml,,,https://product-images.metro.ca/images/h54/h3b/11109345689630.jpg,https://www.metro.ca/en/online-grocery/search-page-172
IRRESISTIBLES,Sea Salt Roasted Peanuts,250 g,"$3.99
 ea.",,$1.60 /100g,,,https://product-images.metro.ca/images/h38/h7f/11521977155614.jpg,https://www.metro.ca/en/online-grocery/search-page-172
SELECTION,Maple Loaf Cake Slices,420 g,"$6.59
 ea.",,$1.57 /100g,,,https://product-images.metro.ca/images/haf/h74/11522030731294.jpg,https://www.metro.ca/en/online-grocery/search-page-172
IRRESISTIBLES,"Fully Cooked Bacon, Artisan",125 g,"$7.99
 ea.",,$6.39 /100g,"Regular price
$8.99  ea.","Valid until Jan 17, 2024",,https://www.metro.ca/en/online-grocery/search-page-172
SELECTION,Round Bite Size Tortilla Chips,295 g,"$2.99
 ea.",,$1.01 /100g,"Regular price
$3.49  ea.","Valid until Jan 24, 2024",https://product-images.metro.ca/images/h11/h5e/11614627495966.jpg,https://www.metro.ca/en/online-grocery/search-page-172
SELECTION,Restaurant Style Tortilla Chips,275 g,"$2.99
 ea.",,$1.09 /100g,"Regular price
$3.49  ea.","Valid until Jan 24, 2024",https://product-images.metro.ca/images/h7b/hcd/11556878778398.jpg,https://www.metro.ca/en/online-grocery/search-page-172
LIFE SMART,"Organic Dried Fruit Blend, Naturalia",225 g,"$7.99
 ea.",,$3.55 /100g,,,,https://www.metro.ca/en/online-grocery/search-page-172
LIFE SMART,"Organic Dried Cranberry Sweetened With Apple Juice, ...",300 g,"$5.99
 ea.",,$2.00 /100g,,,,https://www.metro.ca/en/online-grocery/search-page-172
LIFE SMART,"Gluten-Free Tortilla Chips, Naturalia",350 g,"$3.99
 ea.",,$1.14 /100g,,,,https://www.metro.ca/en/online-grocery/search-page-172
,Ready For BBQ Potatoes,4 units per package,"$4.99
 ea.",,$1.25 /un.,,,https://product-images.metro.ca/images/haa/hcd/10901436694558.jpg,https://www.metro.ca/en/online-grocery/search-page-172
TIDY CATS,"Clumping Cat Litter, LightWeight",2.72 kg,"$15.99
 ea.",,$0.59 /100g,,,,https://www.metro.ca/en/online-grocery/search-page-172
TIDY CATS,"Scented Clumping Cat Litter, LightWeight",2.72 kg,"$15.99
 ea.",,$0.59 /100g,,,,https://www.metro.ca/en/online-grocery/search-page-172
TIDY CATS,"Scented Clumping Cat Litter, LightWeight",2.72 kg,"$15.99
 ea.",,$0.59 /100g,,,,https://www.metro.ca/en/online-grocery/search-page-172
TIDY CATS,"Clumping Cat Litter With Ammonia Blocker, LightWeight",2.72 kg,"$15.99
 ea.",,$0.59 /100g,,,,https://www.metro.ca/en/online-grocery/search-page-172
TIDY CATS,"Clumping Cat Litter, LightWeight",5.44 kg,"$22.99
 ea.",,$0.42 /100g,"Regular price
$24.99  ea.","Valid until Jan 24, 2024",,https://www.metro.ca/en/online-grocery/search-page-172
FRISKIES,"Whitefish Flavoured Cat Treats, Party Mix",454 g,"$8.99
 ea.",,$1.98 /100g,,,,https://www.metro.ca/en/online-grocery/search-page-172
BEYOND,"Wild Salmon, Egg And Pumpkin Adult Dry Dog Food, Sup...",1.67 kg,"$12.99
 ea.",,$0.78 /100g,"Regular price
$15.99  ea.","Valid until Jan 24, 2024",,https://www.metro.ca/en/online-grocery/search-page-172
BENEFUL,"Beef Dry Dog Food, Originals",12.7 kg,"$51.99
 ea.",,$0.41 /100g,,,,https://www.metro.ca/en/online-grocery/search-page-172
TIDY CATS,"Clumping Cat Litter, LightWeight",5.44 kg,"$22.99
 ea.",,$0.42 /100kg,"Regular price
$24.99  ea.","Valid until Jan 24, 2024",,https://www.metro.ca/en/online-grocery/search-page-172
TIDY CATS,"Clumping Cat Litter, LightWeight",2.72 kg,"$15.99
 ea.",,$0.59 /100kg,,,,https://www.metro.ca/en/online-grocery/search-page-172
PURINA,"Cat Food Variety Pack, Friskies",7.49 kg,"$44.99
 ea.",,$0.60 /100g,"Regular price
$46.99  ea.","Valid until Jan 24, 2024",,https://www.metro.ca/en/online-grocery/search-page-173
FANCY FEAST,"Wet Cat Food Variety Pack, Petites",24x79.4 g,"$28.99
 ea.",,$1.52 /100g,,,,https://www.metro.ca/en/online-grocery/search-page-173
BEYOND,"Salmon, Egg And Sweet Potato Indoor Dry Cat Food, Si...",1.36 kg,"$16.99
 ea.",,$1.25 /100kg,,,,https://www.metro.ca/en/online-grocery/search-page-173
HANDI-FOIL,BBQ King™ Aluminum Grill Pans,7 un,"$7.29
 ea.",,$7.29 /un.,,,https://product-images.metro.ca/images/h64/h81/9249575141406.jpg,https://www.metro.ca/en/online-grocery/search-page-173
FLUFF,Marshmallow Spread,454 g,"$4.99
 ea.",,$1.10 /100g,,,https://product-images.metro.ca/images/h79/h7b/10134682894366.jpg,https://www.metro.ca/en/online-grocery/search-page-173
PRIMO,Gluten Free Diced Tomatoes With Fine Herbs And Spices,796 mL,"$2.49
 ea.",,$0.31 /100ml,"Regular price
$3.19  ea.","Valid until Jan 24, 2024",https://product-images.metro.ca/images/h81/h02/11133711155230.jpg,https://www.metro.ca/en/online-grocery/search-page-173
PRIMO,Hot & Spicy Pizza Sauce,375 mL,"$2.69
 ea.",,$0.72 /100ml,"Regular price
$3.19  ea.","Valid until Jan 24, 2024",https://product-images.metro.ca/images/h53/hb0/11449722830878.jpg,https://www.metro.ca/en/online-grocery/search-page-173
INSECTKURE,Ant Trap,1 un,"$6.99
 ea.",,$6.99 /un.,,,https://www.metro.ca/images/shared/placeholders/icon-no-picture.svg?v=2023.71.1.d1,https://www.metro.ca/en/online-grocery/search-page-173
PERSONNELLE BABY,Organic Apple And Sweet Potato Purée For Babies 6+ M...,128 mL,"$1.59
 ea.",,$1.24 /100ml,,,,https://www.metro.ca/en/online-grocery/search-page-173
PERSONNELLE BABY,Organic Pear And Butternut Squash Purée For Babies 6...,128 mL,"$1.59
 ea.",,$1.24 /100ml,,,,https://www.metro.ca/en/online-grocery/search-page-173
PERSONNELLE,"Organic Banana And Apple Purée For Babies 6+ Months,...",128 mL,"$1.59
 ea.",,$1.24 /100ml,,,,https://www.metro.ca/en/online-grocery/search-page-173
PERSONNELLE BABY,"Organic Apple, Mango And Spinach Purée For Babies 6+...",128 mL,"$1.59
 ea.",,$1.24 /100ml,,,,https://www.metro.ca/en/online-grocery/search-page-173
PERSONNELLE BABY,"Organic Apple, Banana, Raspberry And Oatmeal Purée F...",128 mL,"$1.59
 ea.",,$1.24 /100ml,,,,https://www.metro.ca/en/online-grocery/search-page-173
PERSONNELLE BABY,Organic Pear And Green Bean Purée For Babies 6+ Months,128 mL,"$1.59
 ea.",,$1.24 /100ml,,,https://product-images.metro.ca/images/h7f/h1e/9873034018846.jpg,https://www.metro.ca/en/online-grocery/search-page-173
PERSONNELLE BABY,"Organic Apple, Banana And Blueberry Purée For Babies...",128 mL,"$1.59
 ea.",,$1.24 /100ml,,,,https://www.metro.ca/en/online-grocery/search-page-173
PERSONNELLE BABY,"Organic Apple, Carrot And Butternut Squash Purée For...",128 mL,"$1.59
 ea.",,$1.24 /100ml,,,,https://www.metro.ca/en/online-grocery/search-page-173
PERSONNELLE BABY,Unscented Wet Wipes,216 un,"$8.99
 ea.",,$0.04 /un.,,,https://product-images.metro.ca/images/h44/h5c/9873103323166.jpg,https://www.metro.ca/en/online-grocery/search-page-173
PERSONNELLE BABY,Apple Flavoured Organic Gluten Free Rice Rusks,50 g,"$2.99
 ea.",,$5.98 /100g,,,https://product-images.metro.ca/images/he8/h71/9873092214814.jpg,https://www.metro.ca/en/online-grocery/search-page-173
PERSONNELLE,"Brightness And Sheen Conditioning Shampoo For White,...",500 mL,"$5.99
 ea.",,$1.20 /100ml,,,,https://www.metro.ca/en/online-grocery/search-page-173
PERSONNELLE,Cotton Swabs,500 un,"$4.49
 ea.",,$0.01 /un.,,,https://product-images.metro.ca/images/ha6/h8f/10200607916062.jpg,https://www.metro.ca/en/online-grocery/search-page-173
M'LORD,Sun Dried Tomatoes And Herbs,250 mL,"$5.79
 ea.",,$2.32 /100ml,"Regular price
$6.49  ea.","Valid until Jan 24, 2024",https://product-images.metro.ca/images/h2e/he7/12263454834718.jpg,https://www.metro.ca/en/online-grocery/search-page-173
M'LORD,Artichoke Pesto,250 mL,"$4.49
 ea.",,$1.80 /100ml,"Regular price
$5.49  ea.","Valid until Jan 24, 2024",https://product-images.metro.ca/images/he4/h69/9508712546334.jpg,https://www.metro.ca/en/online-grocery/search-page-173
M'LORD,Hearts Of Palm And Artichoke Hearts Salad,340 mL,"$4.79
 ea.",,$1.41 /100ml,"Regular price
$5.79  ea.","Valid until Jan 24, 2024",https://product-images.metro.ca/images/hee/hf6/9508732600350.jpg,https://www.metro.ca/en/online-grocery/search-page-173
M'LORD,Piquillo Pepper And Almond Pesto,250 mL,"$4.49
 ea.",,$1.80 /100ml,"Regular price
$5.49  ea.","Valid until Jan 24, 2024",https://product-images.metro.ca/images/he5/heb/9509082103838.jpg,https://www.metro.ca/en/online-grocery/search-page-173
M'LORD,Whole Hearts Of Palm,398 mL,"$5.49
 ea.",,$1.38 /100ml,,,https://product-images.metro.ca/images/h60/h59/11521589313566.jpg,https://www.metro.ca/en/online-grocery/search-page-173
M'LORD,Cassava,398 mL,"$3.99
 ea.",,$1.00 /100ml,,,https://product-images.metro.ca/images/ha0/h07/9509188894750.jpg,https://www.metro.ca/en/online-grocery/search-page-173
CHÂTEAU THIERRY,Mint Syrup,375 mL,"$4.49
 ea.",,$1.20 /100ml,"Regular price
$4.79  ea.","Valid until Feb 7, 2024",https://product-images.metro.ca/images/h01/h90/11351717183518.jpg,https://www.metro.ca/en/online-grocery/search-page-173
CHÂTEAU THIERRY,Simple Syrup,375 mL,"$4.49
 ea.",,$1.20 /100ml,"Regular price
$4.79  ea.","Valid until Feb 7, 2024",https://product-images.metro.ca/images/h46/h59/11829878685726.jpg,https://www.metro.ca/en/online-grocery/search-page-173
MCCAIN,"Frozen Pepperoni Pizza Pockets, Value Pack",1.2 kg,"$14.99
 ea.",,$1.25 /100kg,,,,https://www.metro.ca/en/online-grocery/search-page-173
BONDUELLE,Quinoa Mini,2x106 mL,"$3.19
 ea.",,$1.50 /100ml,,,https://product-images.metro.ca/images/h4c/h9f/10189834715166.jpg,https://www.metro.ca/en/online-grocery/search-page-173
BONDUELLE,Red Kidney Beans Mini,2x106 mL,"$3.19
 ea.",,$1.50 /100ml,,,https://product-images.metro.ca/images/h87/h7c/10189835403294.jpg,https://www.metro.ca/en/online-grocery/search-page-174
BONDUELLE,Chickpeas,2x106 mL,"$3.19
 ea.",,$1.50 /100ml,,,https://product-images.metro.ca/images/h58/hac/10189892616222.jpg,https://www.metro.ca/en/online-grocery/search-page-174
BONDUELLE,Corn Mini,2x106 mL,"$3.19
 ea.",,$1.50 /100ml,,,https://product-images.metro.ca/images/h10/hf5/9944608505886.jpg,https://www.metro.ca/en/online-grocery/search-page-174
THE GREAT GENTLEMAN,Bitter Lemon Soft Drink,6x250 mL,"$9.49
 ea.",,$0.63 /100ml,"Regular price
$11.29  ea.","Valid until Jan 24, 2024",https://product-images.metro.ca/images/hd5/h74/10156849365022.jpg,https://www.metro.ca/en/online-grocery/search-page-174
THE GREAT GENTLEMAN,Spicy Ginger Beer,6x250 mL,"$9.49
 ea.",,$0.63 /100ml,"Regular price
$11.29  ea.","Valid until Jan 24, 2024",https://product-images.metro.ca/images/h4b/h51/10157277184030.jpg,https://www.metro.ca/en/online-grocery/search-page-174
MCCAIN,Frozen Three Cheese Pizza Pockets,1.2 kg,"$14.99
 ea.",,$1.25 /100kg,,,https://product-images.metro.ca/images/h6c/h83/12227460333598.jpg,https://www.metro.ca/en/online-grocery/search-page-174
MCCAIN,"Frozen Potato, Bacon And Egg Bowl, 5-Minute Breakfast",200 g,"$5.99
 ea.",,$3.00 /100g,,,,https://www.metro.ca/en/online-grocery/search-page-174
MCCAIN,"Potato, Egg And Sausage Breakfast Bowl",200 g,"$5.99
 ea.",,$3.00 /100g,,,https://product-images.metro.ca/images/h79/hd3/11430642384926.jpg,https://www.metro.ca/en/online-grocery/search-page-174
MCCAIN,"Frozen Beer Battered French Fries, Bistro Selects",624 g,"$5.99
 ea.",,$0.96 /100g,,,,https://www.metro.ca/en/online-grocery/search-page-174
MCCAIN,Italian Style Roasted Potatoes & Veggies Frozen Medleys,400 g,"$6.79
 ea.",,$1.70 /100g,,,https://product-images.metro.ca/images/h59/h7b/11746820653086.jpg,https://www.metro.ca/en/online-grocery/search-page-174
MCCAIN,"Frozen Waffle French Fries, Bistro Selects",567 g,"$5.99
 ea.",,$1.06 /100g,,,,https://www.metro.ca/en/online-grocery/search-page-174
MCCAIN,Roasted Potatoes & Brocoli Frozen Medleys,400 g,"$6.79
 ea.",,$1.70 /100g,,,https://product-images.metro.ca/images/h16/h2a/11746875834398.jpg,https://www.metro.ca/en/online-grocery/search-page-174
PERSONNELLE,Hydrogen Peroxide,225 mL,"$1.19
 ea.",,$0.53 /100ml,,,https://product-images.metro.ca/images/h5c/hc4/9289389867038.jpg,https://www.metro.ca/en/online-grocery/search-page-174
PERSONNELLE,Liquid 10 Volume Hydrogene Peroxide,450 ml,"$2.49
 ea.",,$0.55 /100ml,,,https://product-images.metro.ca/images/h3c/hd3/10254770896926.jpg,https://www.metro.ca/en/online-grocery/search-page-174
PERSONNELLE,Rubbing Alcohol Compound,450 ml,"$2.99
 ea.",,$0.66 /100ml,,,https://product-images.metro.ca/images/h31/hd6/10258412929054.jpg,https://www.metro.ca/en/online-grocery/search-page-174
PERSONNELLE,Eucalyptus And Mentol Scented Sea Salt,2 kg,"$8.29
 ea.",,$0.41 /100g,,,https://product-images.metro.ca/images/h13/h59/10073641713694.jpg,https://www.metro.ca/en/online-grocery/search-page-174
PERSONNELLE,"Disposable 2 Blade Razors For Men, Plus",12 un,"$3.99
 ea.",,$0.33 /un.,,,,https://www.metro.ca/en/online-grocery/search-page-174
PERSONNELLE,Daily Moisturizing Body Lotion With Colloidal Oatmeal,227 ml,"$6.99
 ea.",,$3.08 /100ml,,,https://product-images.metro.ca/images/ha0/he3/9205094547486.jpg,https://www.metro.ca/en/online-grocery/search-page-174
PERSONNELLE,Moisturizing And Skin Relief Body Lotion With Colloi...,227 ml,"$6.99
 ea.",,$3.08 /100ml,,,,https://www.metro.ca/en/online-grocery/search-page-174
DARE,"Nacho Cheese Flavoured Crackers, Bold'N Baked",150 g,"$4.19
 ea.",,$2.79 /100g,,,,https://www.metro.ca/en/online-grocery/search-page-174
DARE,"Sweet Chili Flavoured Crackers, Bold'N Baked",150 g,"$4.19
 ea.",,$2.79 /100g,,,,https://www.metro.ca/en/online-grocery/search-page-174
PANERISO,Vegan Gluten Free Graham Crumbs,325 g,"$7.99
 ea.",,$2.46 /100g,,,https://product-images.metro.ca/images/h9a/h96/9870919663646.jpg,https://www.metro.ca/en/online-grocery/search-page-174
DARE,"Tangy Ranch Crackers, Bold'N Baked",150 g,"$4.19
 ea.",,$2.79 /100g,,,,https://www.metro.ca/en/online-grocery/search-page-174
DARE,"Barbecue Flavoured Cracker, Crisps",100 g,"$4.19
 ea.",,$4.19 /100g,,,,https://www.metro.ca/en/online-grocery/search-page-174
ARCTIC GARDENS,Edamame Frozen Vegetable,425 g,"$5.49
 ea.",,$1.29 /100g,,,https://product-images.metro.ca/images/h8c/h1f/11022387314718.jpg,https://www.metro.ca/en/online-grocery/search-page-174
DARE,"Jalapeno And Cheddar Flavoured Crackers, Bold'N Baked",150 g,"$4.19
 ea.",,$2.79 /100g,,,,https://www.metro.ca/en/online-grocery/search-page-174
DARE,"All Dressed Crackers, Crisps",100 g,"$4.19
 ea.",,$4.19 /100g,,,,https://www.metro.ca/en/online-grocery/search-page-174
ARCTIC GARDENS,Frozen Riced Cauliflower,500 g,"$5.49
 ea.",,$1.10 /100g,,,https://product-images.metro.ca/images/h1f/ha1/11860787462174.jpg,https://www.metro.ca/en/online-grocery/search-page-174
LIGHTLIFE,Organic Tempeh,227 g,"$5.99
 ea.",,$2.64 /100g,,,https://product-images.metro.ca/images/hc5/h2f/11893011415070.jpg,https://www.metro.ca/en/online-grocery/search-page-174
LIGHTLIFE,Organic Smoky Tempeh Strips,170 g,"$6.99
 ea.",,$4.11 /100g,,,https://product-images.metro.ca/images/he9/h30/11754263412766.jpg,https://www.metro.ca/en/online-grocery/search-page-174
QUAKER,"Everything Flavoured Brown Rice Cakes, Crispy Minis",168 g,"$3.99
 ea.",,$2.37 /100g,,,,https://www.metro.ca/en/online-grocery/search-page-175
QUAKER,"S'Mores Chewy Bars, Value Pack, Chewy",960 g,"$11.49
 ea.",,$1.20 /100g,,,,https://www.metro.ca/en/online-grocery/search-page-175
QUAKER,"Chocolate Chips Chewy Bars, Value Pack, Chewy",960 g,"$11.49
 ea.",,$1.20 /100g,,,,https://www.metro.ca/en/online-grocery/search-page-175
QUAKER,"Granola Bar Variety Pack Value Pack, Dipps",935 g,"$11.49
 ea.",,$1.23 /100g,,,,https://www.metro.ca/en/online-grocery/search-page-175
QUAKER,"Chocolatey Fun Granola Bar Mix, Value Pack, Chewy",960 g,"$11.49
 ea.",,$1.20 /100g,,,,https://www.metro.ca/en/online-grocery/search-page-175
QUAKER,"Triple Berry Flavoured Instant Oatmeal, High Protein",228 g,"$3.49
 ea.",,$1.53 /100g,"Regular price
$4.99  ea.","Valid until Feb 7, 2024",,https://www.metro.ca/en/online-grocery/search-page-175
QUAKER,"Maple And Brown Sugar Instant Oatmeal, High Protein",228 g,"$3.49
 ea.",,$1.53 /100g,"Regular price
$4.99  ea.","Valid until Feb 7, 2024",,https://www.metro.ca/en/online-grocery/search-page-175
QUAKER,"Fruity Fun Flavoured Chewy Bars, Chewy",960 g,"$11.49
 ea.",,$1.20 /100g,,,,https://www.metro.ca/en/online-grocery/search-page-175
QUAKER,Instant Oatmeal,1.48 kg,"$10.99
 ea.",,$0.74 /100g,,,https://product-images.metro.ca/images/h6c/ha3/12171853365278.jpg,https://www.metro.ca/en/online-grocery/search-page-175
,Allo Vedettes Magazine,1 un,"$4.79
 ea.",,$4.79 /un.,,,https://www.metro.ca/images/shared/placeholders/icon-no-picture.svg?v=2023.71.1.d1,https://www.metro.ca/en/online-grocery/search-page-175
VILLAGGIO,"White Sourdough Bread, Artesano",540 g,"$4.59
 ea.",,$0.81 /100g,,,,https://www.metro.ca/en/online-grocery/search-page-175
CHEF GEORGES,Turkey Confit,100 g,"$5.99
 ea.",,$5.99 /100g,,,https://product-images.metro.ca/images/h8e/h05/11449800097822.jpg,https://www.metro.ca/en/online-grocery/search-page-175
LA PETITE BRETONNE,Molasses Cookies,350 g,"$5.29
 ea.",,$1.51 /100g,,,https://product-images.metro.ca/images/h57/h60/12175497199646.jpg,https://www.metro.ca/en/online-grocery/search-page-175
LA PETITE BRETONNE,Chocolate Chip Cookies,350 g,"$5.79
 ea.",,$1.65 /100g,,,https://product-images.metro.ca/images/h44/hca/11522095382558.jpg,https://www.metro.ca/en/online-grocery/search-page-175
HAIKU,Mixed Asian Vegetables,398 mL,"$2.99
 ea.",,$0.75 /100ml,"Regular price
$3.49  ea.","Valid until Jan 24, 2024",https://product-images.metro.ca/images/h6b/he2/9516339986462.jpg,https://www.metro.ca/en/online-grocery/search-page-175
HAIKU,Shiitake Mushrooms,284 mL,"$2.99
 ea.",,$1.05 /100ml,"Regular price
$3.49  ea.","Valid until Jan 24, 2024",https://product-images.metro.ca/images/h0f/he9/9516340477982.jpg,https://www.metro.ca/en/online-grocery/search-page-175
HAIKU,Konjac Noodles,250 g,"$4.79
 ea.",,$1.92 /100g,"Regular price
$5.49  ea.","Valid until Jan 24, 2024",https://product-images.metro.ca/images/h1a/hca/11307179016222.jpg,https://www.metro.ca/en/online-grocery/search-page-175
HAIKU,Konjac Vermicelli,250 g,"$4.79
 ea.",,$1.92 /100g,"Regular price
$5.49  ea.","Valid until Jan 24, 2024",https://product-images.metro.ca/images/he7/h58/9751210262558.jpg,https://www.metro.ca/en/online-grocery/search-page-175
HAIKU,Coconut Milk,200 mL,"$2.29
 ea.",,$1.15 /100ml,,,https://product-images.metro.ca/images/hb7/hfa/9508893163550.jpg,https://www.metro.ca/en/online-grocery/search-page-175
HAIKU,Gluten Free Konjac Rice,250 g,"$4.79
 ea.",,$1.92 /100g,"Regular price
$5.49  ea.","Valid until Jan 24, 2024",https://product-images.metro.ca/images/h47/h6e/11307188125726.jpg,https://www.metro.ca/en/online-grocery/search-page-175
HAIKU,Miso Seasoning,50 g,"$5.29
 ea.",,$10.58 /100g,,,https://product-images.metro.ca/images/h94/hdf/11521637515294.jpg,https://www.metro.ca/en/online-grocery/search-page-175
HAIKU,Gluten Free Japanese Style Crispy Panko,100 g,"$5.29
 ea.",,$5.29 /100g,,,https://product-images.metro.ca/images/h57/h1d/9878080389150.jpg,https://www.metro.ca/en/online-grocery/search-page-175
BEYOND,Chicken And Sweet Potato Wet Cat Food Pâté,85 g,"4 / 
$6.00",,$1.76 /100g,"Regular price
$1.99  ea.","Valid until Jan 24, 2024",https://product-images.metro.ca/images/he4/hdf/11493164679198.jpg,https://www.metro.ca/en/online-grocery/search-page-175
PURINA,"Wild Salmon Flavoured Pâté For Cats, Beyond",85 g,"4 / 
$6.00",,$1.76 /100g,"Regular price
$1.99  ea.","Valid until Jan 24, 2024",,https://www.metro.ca/en/online-grocery/search-page-175
BEYOND,Trout And Catfish Adult Wet Cat Food Pâté,85 g,"4 / 
$6.00",,$1.76 /100g,"Regular price
$1.99  ea.","Valid until Jan 24, 2024",https://product-images.metro.ca/images/hca/hd5/11493159600158.jpg,https://www.metro.ca/en/online-grocery/search-page-175
BEYOND,"Turkey, Sweet Potato And Spinach In Gravy Adult Wet ...",85 g,"4 / 
$6.00",,$1.76 /100g,"Regular price
$1.99  ea.","Valid until Jan 24, 2024",,https://www.metro.ca/en/online-grocery/search-page-175
ST-REGIS,"Orange Bitter Flavoured Dealcoholized Wine Beverage,...",750 mL,"$12.49
 ea.",,$1.67 /100ml,"Regular price
$13.99  ea.","Valid until Feb 7, 2024",,https://www.metro.ca/en/online-grocery/search-page-175
HAIKU,Udon Wheat Noodles,300 g,"$3.29
 ea.",,$1.10 /100g,,,https://product-images.metro.ca/images/h16/heb/10184282144798.jpg,https://www.metro.ca/en/online-grocery/search-page-175
HAIKU,Pre-Cooked White Rice,400 g,"$3.29
 ea.",,$0.82 /100g,,,https://product-images.metro.ca/images/h86/h98/11714357428254.jpg,https://www.metro.ca/en/online-grocery/search-page-175
HAIKU,Ramen Wheat Noodles,300 g,"$3.29
 ea.",,$1.10 /100g,,,https://product-images.metro.ca/images/hef/h55/11521647771678.jpg,https://www.metro.ca/en/online-grocery/search-page-175
HAIKU,Instant Miso Soup With Vegetables,14 g,"$2.99
 ea.",,$21.36 /100g,,,https://product-images.metro.ca/images/had/hb2/11432859336734.jpg,https://www.metro.ca/en/online-grocery/search-page-176
SO VEGGIE SO WISE,Plant-Bsed Veggie Mince,100 g,"$5.99
 ea.",,$5.99 /100g,,,https://product-images.metro.ca/images/hb4/h9f/10438855655454.jpg,https://www.metro.ca/en/online-grocery/search-page-176
SO VEGGIE SO WISE,Plant-Based Veggie Fillets,90 g,"$5.99
 ea.",,$6.66 /100g,,,https://product-images.metro.ca/images/hc4/h39/10455312203806.jpg,https://www.metro.ca/en/online-grocery/search-page-176
M'LORD,Spicy Capers,100 mL,"$2.79
 ea.",,$2.79 /100ml,"Regular price
$3.29  ea.","Valid until Jan 24, 2024",https://product-images.metro.ca/images/h61/h89/12258445197342.jpg,https://www.metro.ca/en/online-grocery/search-page-176
PERSONNELLE,Ultra Thin Moderate Flow Pads,16 un,"$3.99
 ea.",,$0.25 /un.,,,https://product-images.metro.ca/images/h7a/ha0/9520044245022.jpg,https://www.metro.ca/en/online-grocery/search-page-176
PERSONNELLE,Night Wing Ultra Thin Sanitary Napkins,28 un,"$6.29
 ea.",,$0.22 /un.,,,https://product-images.metro.ca/images/h0f/h05/11521459027998.jpg,https://www.metro.ca/en/online-grocery/search-page-176
PERSONNELLE,Ultra Thin Pads With Wings,36 un,"$6.29
 ea.",,$0.17 /un.,,,https://product-images.metro.ca/images/hd4/he6/9520097886238.jpg,https://www.metro.ca/en/online-grocery/search-page-176
PERSONNELLE,Ultra Thin Pads With Tabs,32 un,"$6.29
 ea.",,$0.20 /un.,,,https://product-images.metro.ca/images/hc5/hac/9877554888734.jpg,https://www.metro.ca/en/online-grocery/search-page-176
PERSONNELLE,Size 6 Diapers,96 un,"$29.49
 ea.",,$0.31 /un.,,,https://product-images.metro.ca/images/h01/h80/11521883865118.jpg,https://www.metro.ca/en/online-grocery/search-page-176
KIKKOMAN,"Chinese Cooking Sauce, Kotteri Mirin",296 mL,"$7.49
 ea.",,$2.53 /100ml,,,,https://www.metro.ca/en/online-grocery/search-page-176
GOYA,Chicken Flavoured Mexican Rice,198 g,"$4.49
 ea.",,$2.27 /100g,,,https://product-images.metro.ca/images/h48/hd0/10020810391582.jpg,https://www.metro.ca/en/online-grocery/search-page-176
,Yellow Flesh Potatoes,5 lb,"$5.99
 ea.",,$0.26 /100g,,,https://product-images.metro.ca/images/h1d/h6b/10882782887966.jpg,https://www.metro.ca/en/online-grocery/search-page-176
,Yellow Onions,5 lb,"$3.99
 ea.",,$0.18 /100g,,,https://product-images.metro.ca/images/hd7/h61/11511772086302.jpg,https://www.metro.ca/en/online-grocery/search-page-176
,4.5" Red Poinsettia,1 un,"$5.99
 ea.",,$5.99 /un.,"Regular price
$6.99  ea.","Valid until Jan 10, 2024",,https://www.metro.ca/en/online-grocery/search-page-176
LAVAZZA,Medium Espresso Coffee Beans,1000 g,"$24.99
 ea.",,$2.50 /100kg,,,https://product-images.metro.ca/images/he9/h2b/9719800070174.jpg,https://www.metro.ca/en/online-grocery/search-page-176
BERTOLLI,"Extra Virgin Olive Oil, Rich Taste",2 L,"$32.99
 ea.",,$1.65 /100ml,,,,https://www.metro.ca/en/online-grocery/search-page-176
BERTOLLI,Light Extra Virgin Olive Oil,2 L,"$32.99
 ea.",,$1.65 /100ml,,,https://product-images.metro.ca/images/hda/h89/10968633278494.jpg,https://www.metro.ca/en/online-grocery/search-page-176
NESTLÉ,"Limited Edition Coffee Whitener, Coffee Mate",828 mL,"$6.79
 ea.",,$0.82 /100ml,,,,https://www.metro.ca/en/online-grocery/search-page-176
BOURSIN,Garlic And Fine Herbs Dairy-Free Fresh Cheese,170 g,"$7.99
 ea.",,$4.70 /100g,"Regular price
$9.99  ea.","Valid until Jan 10, 2024",https://product-images.metro.ca/images/h50/h0c/10136009179166.jpg,https://www.metro.ca/en/online-grocery/search-page-176
BLUE DIAMOND,Soy Sauce And Wasabi Flavoured Almonds,170 g,"$6.79
 ea.",,$3.99 /100g,,,https://product-images.metro.ca/images/he7/h19/9536195592222.jpg,https://www.metro.ca/en/online-grocery/search-page-176
BLUE DIAMOND,Sriracha Flavoured Almonds,170 g,"$6.79
 ea.",,$3.99 /100g,,,https://product-images.metro.ca/images/h13/h9f/11094986588190.jpg,https://www.metro.ca/en/online-grocery/search-page-176
BOURSIN,Truffle Salt And Pepper Fresh Cheese,150 g,"$8.00
 ea.",,$5.33 /100g,,,https://product-images.metro.ca/images/h52/h03/11849538207774.jpg,https://www.metro.ca/en/online-grocery/search-page-176
CIMO,Espresso Nero Coffee Beans,1 kg,"$23.99
 ea.",,$2.40 /100g,,,https://product-images.metro.ca/images/h97/h1e/9220316004382.jpg,https://www.metro.ca/en/online-grocery/search-page-176
BOB'S RED MILL,Gluten Free Corn Bread Mix,567 g,"$5.49
 ea.",,$0.97 /100g,,,https://product-images.metro.ca/images/h79/h54/10332373221406.jpg,https://www.metro.ca/en/online-grocery/search-page-176
BOB'S RED MILL,Gluten Free Brownie Mix,595 g,"$8.29
 ea.",,$1.39 /100g,,,https://product-images.metro.ca/images/h88/h01/10332390031390.jpg,https://www.metro.ca/en/online-grocery/search-page-176
BOB RED MILL,Biscuit And Baking Mix,680 g,"$9.49
 ea.",,$1.40 /100g,,,https://product-images.metro.ca/images/h8a/hde/10332379021342.jpg,https://www.metro.ca/en/online-grocery/search-page-176
KÜHNE,Pickled Gherkins,500 mL,"$7.49
 ea.",,$1.50 /100ml,,,https://product-images.metro.ca/images/hd8/h38/10454089891870.jpg,https://www.metro.ca/en/online-grocery/search-page-176
KÜHNE,Pickled Onions,500 mL,"$5.79
 ea.",,$1.16 /100ml,,,https://product-images.metro.ca/images/hd1/hbf/9916608348190.jpg,https://www.metro.ca/en/online-grocery/search-page-176
ENERGIZER,AA Alkaline Battery Max,8 un,"$10.29
 ea.",,$1.29 /un.,,,https://product-images.metro.ca/images/h18/h5c/10715435597854.jpg,https://www.metro.ca/en/online-grocery/search-page-176
TRESEMMÉ,"Shampoo For Curly Hair, Flawless Curls",739 mL,"$7.49
 ea.",,$0.90 /100ml,,,,https://www.metro.ca/en/online-grocery/search-page-176
TRESEMMÉ,"Conditioner For Curly Hair, Flawless Curls",828 mL,"$7.49
 ea.",,$0.90 /100ml,,,,https://www.metro.ca/en/online-grocery/search-page-177
TRESEMMÉ,Anti-Breakage Conditioner,828 mL,"$7.49
 ea.",,$0.90 /100ml,,,https://product-images.metro.ca/images/h7d/h85/11570991857694.jpg,https://www.metro.ca/en/online-grocery/search-page-177
TRESEMMÉ,Anti-Breakage Shampoo,828 mL,"$7.49
 ea.",,$0.90 /100ml,,,https://product-images.metro.ca/images/h49/ha6/11570990284830.jpg,https://www.metro.ca/en/online-grocery/search-page-177
PAMPERS,"Size 3 Diapers, Baby-Dry",104 un,"$38.49
 ea.",,$0.37 /un.,,,,https://www.metro.ca/en/online-grocery/search-page-177
PAMPERS,"Size 4 Diapers, Baby-Dry",92 un,"$38.49
 ea.",,$0.42 /un.,,,,https://www.metro.ca/en/online-grocery/search-page-177
PAMPERS,"Size 5 Diapers, Baby-Dry",78 un,"$38.49
 ea.",,$0.49 /un.,,,,https://www.metro.ca/en/online-grocery/search-page-177
HARTZ,Dog Training Pads,1x20 un,"$19.99
 ea.",,$1.00 /un.,,,https://www.metro.ca/images/shared/placeholders/icon-no-picture.svg?v=2023.71.1.d1,https://www.metro.ca/en/online-grocery/search-page-177
FEBREZE,"Linen And Sky Scented Air Freshener, Small Spaces",1 un,"$4.99
 ea.",,$66.53 /100ml,,,,https://www.metro.ca/en/online-grocery/search-page-177
FEBREZE,"Gain™ Scented Air Freshener, Small Spaces",1 un,"$4.99
 ea.",,$66.53 /100ml,,,,https://www.metro.ca/en/online-grocery/search-page-177
OLAY,"White Strawberry And Mint Scented Body Wash, Fresh O...",364 mL,"$6.99
 ea.",,$1.92 /100ml,,,,https://www.metro.ca/en/online-grocery/search-page-177
SCOPE,"Mint Flavoured Mouthwash, Scope",1 L,"$7.99
 ea.",,$0.80 /100L,,,,https://www.metro.ca/en/online-grocery/search-page-177
PAMPERS,"Size 6 Diapers, Baby-Dry",64 un,"$38.49
 ea.",,$0.60 /un.,,,,https://www.metro.ca/en/online-grocery/search-page-177
GAIN,"Moonlight Breeze Scented Laundry Detergent Packs, Fl...",16 un,"$8.79
 ea.",,$0.55 /un.,,,,https://www.metro.ca/en/online-grocery/search-page-177
AYLMER,Diced Tomatoes,796 mL,"$2.99
 ea.",,$0.38 /100ml,,,https://product-images.metro.ca/images/h54/h5a/9773872119838.jpg,https://www.metro.ca/en/online-grocery/search-page-177
AYLMER,"Diced Tomatoes With Spicy Red Pepper, Accents",540 mL,"$3.49
 ea.",,$0.65 /100ml,,,,https://www.metro.ca/en/online-grocery/search-page-177
AYLMER,"Original Chunky Tomatoes, Accents",540 mL,"$3.49
 ea.",,$0.65 /100ml,,,,https://www.metro.ca/en/online-grocery/search-page-177
AYLMER,Whole Tomatoes With Herbs And Spices,796 mL,"$2.99
 ea.",,$0.38 /100ml,,,https://product-images.metro.ca/images/h20/hae/9520335061022.jpg,https://www.metro.ca/en/online-grocery/search-page-177
AYLMER,Diced Tomatoes With Italian Spices,796 mL,"$2.99
 ea.",,$0.38 /100ml,,,https://product-images.metro.ca/images/h2b/hdd/9773879230494.jpg,https://www.metro.ca/en/online-grocery/search-page-177
AYLMER,Crushed Tomatoes,796 mL,"$2.99
 ea.",,$0.38 /100ml,,,https://product-images.metro.ca/images/hf1/h85/9520394043422.jpg,https://www.metro.ca/en/online-grocery/search-page-177
AYLMER,"Chunky Tomatoes With Italian Spices, Accents",540 mL,"$3.49
 ea.",,$0.65 /100ml,,,,https://www.metro.ca/en/online-grocery/search-page-177
AYLMER,Petite Cut Stewed Tomatoes With Garlic And Olive Oil...,540 mL,"$3.49
 ea.",,$0.65 /100ml,,,,https://www.metro.ca/en/online-grocery/search-page-177
AYLMER,"Original Diced Tomatoes, Accents",540 mL,"$3.49
 ea.",,$0.65 /100ml,,,,https://www.metro.ca/en/online-grocery/search-page-177
AYLMER,Diced Tomatoes With Italian Spices And No Salt Added...,540 mL,"$3.49
 ea.",,$0.65 /100ml,,,,https://www.metro.ca/en/online-grocery/search-page-177
AYLMER,Diced Tomatoes With Italian Spices And No Salt Added,796 mL,"$2.99
 ea.",,$0.38 /100ml,,,https://product-images.metro.ca/images/hba/h12/9520403644446.jpg,https://www.metro.ca/en/online-grocery/search-page-177
AYLMER,No Salt Added Diced Tomatoes,796 mL,"$2.99
 ea.",,$0.38 /100ml,,,https://product-images.metro.ca/images/hca/h9c/9520386605086.jpg,https://www.metro.ca/en/online-grocery/search-page-177
AYLMER,Whole Tomatoes,796 mL,"$2.99
 ea.",,$0.38 /100ml,,,https://product-images.metro.ca/images/h94/hba/9906546901022.jpg,https://www.metro.ca/en/online-grocery/search-page-177
AYLMER,Plum Tomatoes,796 mL,"$2.99
 ea.",,$0.38 /100ml,,,https://product-images.metro.ca/images/h69/h84/9773873692702.jpg,https://www.metro.ca/en/online-grocery/search-page-177
GOURMET PRO,Striped Dishcloths,4 un,"$5.29
 ea.",,$1.32 /un.,,,https://product-images.metro.ca/images/h06/h3b/11226584711198.jpg,https://www.metro.ca/en/online-grocery/search-page-177
PACINI,Carbonara Sauce,45 g,"$1.99
 ea.",,$4.42 /100g,"Regular price
$2.49  ea.","Valid until Jan 24, 2024",https://product-images.metro.ca/images/h3b/h71/10918381715486.jpg,https://www.metro.ca/en/online-grocery/search-page-177
PACINI,Mac And Cheese Sauce,45 g,"$1.99
 ea.",,$4.42 /100g,"Regular price
$2.49  ea.","Valid until Jan 24, 2024",https://product-images.metro.ca/images/h0b/hec/10918380929054.jpg,https://www.metro.ca/en/online-grocery/search-page-177
PACINI,Rosée Sauce,47 g,"$1.99
 ea.",,$4.23 /100g,"Regular price
$2.49  ea.","Valid until Jan 24, 2024",https://product-images.metro.ca/images/hab/hf6/10918393184286.jpg,https://www.metro.ca/en/online-grocery/search-page-178
PACINI,Alfredo Pasta Sauce Mix,47 g,"$1.99
 ea.",,$4.23 /100g,"Regular price
$2.49  ea.","Valid until Jan 24, 2024",https://product-images.metro.ca/images/he9/h02/10918384730142.jpg,https://www.metro.ca/en/online-grocery/search-page-178
SELECTION,Mayonnaise,890 mL,"$4.99
 ea.",,$0.56 /100ml,"Regular price
$5.79  ea.","Valid until Jan 24, 2024",https://product-images.metro.ca/images/had/hbd/10378881269790.jpg,https://www.metro.ca/en/online-grocery/search-page-178
DE CECCO,Tagliatelle,500 g,"$4.49
 ea.",,$0.90 /100g,"Regular price
$5.29  ea.","Valid until Jan 24, 2024",https://product-images.metro.ca/images/hc7/h09/11521527283742.jpg,https://www.metro.ca/en/online-grocery/search-page-178
OLD SPICE,"2 In 1 Shampoo And Conditioner, Red Zone Collection",400 mL,"$6.99
 ea.",,$1.75 /100ml,,,,https://www.metro.ca/en/online-grocery/search-page-178
OLD SPICE,"2 In 1 Shampoo And Conditioner, Red Zone Collection",400 mL,"$6.99
 ea.",,$1.75 /100ml,,,,https://www.metro.ca/en/online-grocery/search-page-178
SILK,Unsweetened Original Almond Beverages,6x946 mL,"$12.99
 ea.",,$0.23 /100ml,,,https://product-images.metro.ca/images/h3a/he5/11430793412638.jpg,https://www.metro.ca/en/online-grocery/search-page-178
WONDERFUL,Roasted Salted Shelled Pistachios,170 g,"$8.99
 ea.",,$5.29 /100g,"Regular price
$9.99  ea.","Valid until Jan 10, 2024",https://product-images.metro.ca/images/hd0/h9d/9633940471838.jpg,https://www.metro.ca/en/online-grocery/search-page-178
WONDERFUL,Gluten Free Shelled Honey Flavoured Pistachios,155 g,"$8.99
 ea.",,$5.80 /100g,"Regular price
$9.99  ea.","Valid until Jan 10, 2024",https://product-images.metro.ca/images/h1d/h4e/9516413386782.jpg,https://www.metro.ca/en/online-grocery/search-page-178
WONDERFUL,Gluten Free Shelled Chili Pistachios,155 g,"$8.99
 ea.",,$5.80 /100g,"Regular price
$9.99  ea.","Valid until Jan 10, 2024",https://product-images.metro.ca/images/h90/ha2/9516414009374.jpg,https://www.metro.ca/en/online-grocery/search-page-178
CHEETOS,Ketchup Flavoured Macaroni And Cheese,170 g,"$2.49
 ea.",,$1.47 /100g,,,https://product-images.metro.ca/images/h39/h16/12279847944222.jpg,https://www.metro.ca/en/online-grocery/search-page-178
CHEETOS,4 Cheeses Flavoured Macaroni And Cheese,170 g,"$2.49
 ea.",,$1.46 /100g,,,https://product-images.metro.ca/images/h34/h53/12279847551006.jpg,https://www.metro.ca/en/online-grocery/search-page-178
DOWNY,Birch Water And Botanicals Scented Liquid Fabric Sof...,96 loads - 1.92 L,"$14.99
 ea.",,$0.78 /100ml,,,,https://www.metro.ca/en/online-grocery/search-page-178
ALWAYS,"Ultra Thin Overnight Pads, Ultra Thin",26 un,"$10.49
 ea.",,$0.40 /un.,,,,https://www.metro.ca/en/online-grocery/search-page-178
CASCADE,"Lemon Scented Dishwasher Detergent Pacs, ActionPacs",110 un,"$22.99
 ea.",,$0.21 /un.,,,,https://www.metro.ca/en/online-grocery/search-page-178
HORMEL,"Peppered Crumbled Bacon, Real",85 g,"$6.49
 ea.",,$7.64 /100g,"Regular price
$7.49  ea.","Valid until Jan 24, 2024",,https://www.metro.ca/en/online-grocery/search-page-178
HORMEL,"Applewood Smoked Crumbled Bacon, Real",85 g,"$6.49
 ea.",,$7.64 /100g,"Regular price
$7.49  ea.","Valid until Jan 24, 2024",,https://www.metro.ca/en/online-grocery/search-page-178
SOFTSOAP,Tangerine Treat Scented Foaming Hand Soap,258 mL,"$4.49
 ea.",,$1.74 /100ml,,,https://product-images.metro.ca/images/h5c/h0e/11714345074718.jpg,https://www.metro.ca/en/online-grocery/search-page-178
COLGATE,"Repair And Prevent Toothpaste, Sensitive Pro-Relief",120 mL,"$8.29
 ea.",,$6.91 /100ml,,,,https://www.metro.ca/en/online-grocery/search-page-178
COLGATE,"Sparkling White Toothpaste, Optic White",133 mL,"$8.29
 ea.",,$6.23 /100ml,,,,https://www.metro.ca/en/online-grocery/search-page-178
COLGATE,Minions™ Soft Battery Toothbrush,1 un,"$11.29
 ea.",,$11.29 /un.,,,https://product-images.metro.ca/images/had/h3d/9642122838046.jpg,https://www.metro.ca/en/online-grocery/search-page-178
COLGATE,"Icy Fresh Toothpaste, Optic White",133 mL,"$8.29
 ea.",,$6.23 /100ml,,,,https://www.metro.ca/en/online-grocery/search-page-178
COLGATE,"Optic White™ Medium Toothbrush, 360",1 un,"$10.99
 ea.",,$0.92 /un.,,,,https://www.metro.ca/en/online-grocery/search-page-178
U BY KOTEX,"Light Absorbency Extra Coverage Liners, Security",80 un,"$9.29
 ea.",,$0.12 /un.,,,,https://www.metro.ca/en/online-grocery/search-page-178
FLEECY,Lily Scented Liquid Fabric Softener,2.6 L,"$10.79
 ea.",,$0.41 /100ml,,,https://product-images.metro.ca/images/h87/h66/10950241714206.jpg,https://www.metro.ca/en/online-grocery/search-page-178
COLGATE,"Luminous White Toothpaste, Elixir",80 mL,"$6.99
 ea.",,$8.74 /100ml,,,,https://www.metro.ca/en/online-grocery/search-page-178
COLGATE,"Revitalizing Mint Flavoured Charcoal Toothpaste, Elixir",80 mL,"$6.99
 ea.",,$8.74 /100ml,,,,https://www.metro.ca/en/online-grocery/search-page-178
IRISH SPRING,Original Scented Shower Gel With Pump,887 mL,"$8.49
 ea.",,$0.96 /100ml,,,https://product-images.metro.ca/images/hf2/h9a/10913273151518.jpg,https://www.metro.ca/en/online-grocery/search-page-178
COLGATE,"Soft Charcoal Toothbrush, 360",2 un,"$11.99
 ea.",,$6.00 /un.,,,,https://www.metro.ca/en/online-grocery/search-page-178
COLGATE,Extra Soft Baby Toothbrush,2 un,"$7.99
 ea.",,$4.00 /un.,,,https://product-images.metro.ca/images/h87/hc1/10456056201246.jpg,https://www.metro.ca/en/online-grocery/search-page-178
COLGATE,Soft Charcoal Bamboo Toothbrush,2 un,"$11.99
 ea.",,$6.00 /un.,,,https://product-images.metro.ca/images/hef/hf7/10710735683614.jpg,https://www.metro.ca/en/online-grocery/search-page-179
CIMO,Espresso Dolce Coffee Beans,1 kg,"$23.99
 ea.",,$2.40 /100g,,,https://product-images.metro.ca/images/hc4/h37/9220460281886.jpg,https://www.metro.ca/en/online-grocery/search-page-179
CANTON,The Original Broth For Fondue And Cooking With 25% L...,1.1 L,"$4.99
 ea.",,$0.45 /100ml,"Regular price
$5.79  ea.","Valid until Jan 24, 2024",,https://www.metro.ca/en/online-grocery/search-page-179
JOHNVINCE,Yummies,225 g,"$4.99
 ea.",,$2.22 /100g,,,https://product-images.metro.ca/images/h3e/h21/10184421015582.jpg,https://www.metro.ca/en/online-grocery/search-page-179
JOHNVINCE,Chocolate Flavoured Buds,300 g,"$3.99
 ea.",,$1.33 /100g,,,https://product-images.metro.ca/images/hed/ha1/10936526471198.jpg,https://www.metro.ca/en/online-grocery/search-page-179
SIMILAC,"Step 1 Powder Baby Milk, Pro-Advance",859 g,"$54.29
 ea.",,$6.32 /100g,,,,https://www.metro.ca/en/online-grocery/search-page-179
GILLETTE,"Disposable Razors, Mach3",3 un,"$13.49
 ea.",,$4.50 /un.,,,,https://www.metro.ca/en/online-grocery/search-page-179
GILLETTE,"Razor With 2 Cartridges, Venus Extra Smooth",1 un,"$16.49
 ea.",,"$1,649.00 /100un.",,,,https://www.metro.ca/en/online-grocery/search-page-179
MAE PLOY,Sweet Chili Sauce,280 mL,"$3.49
 ea.",,$1.23 /100g,"Regular price
$3.99  ea.","Valid until Jan 24, 2024",https://product-images.metro.ca/images/h81/h25/9894933004318.jpg,https://www.metro.ca/en/online-grocery/search-page-179
FIVE ROSES,All Purpose White Flour,1 kg,"$3.99
 ea.",,$0.40 /100g,,,https://product-images.metro.ca/images/h1f/hb8/12174977269790.jpg,https://www.metro.ca/en/online-grocery/search-page-179
HANDI-FOIL,"Oval Aluminium King Roaster Pan, Eco-Foil",1 un,"$7.29
 ea.",,$7.29 /un.,,,,https://www.metro.ca/en/online-grocery/search-page-179
FINISH,"Xxl Dishwasher Tab, All-In-One",105 un,"$29.99
 ea.",,$0.29 /un.,,,,https://www.metro.ca/en/online-grocery/search-page-179
SMUCKER'S,"Peanut Butter And Strawberry Jam Sandwich, Uncrustables",10x58 g,"$12.99
 ea.",,$2.24 /100g,,,,https://www.metro.ca/en/online-grocery/search-page-179
SAN PELLEGRINO,"Pompelmo Grapefruit Flavoured Sparkling Beverage, Na...",330 mL,"$1.49
 ea.",,$0.45 /100ml,,,,https://www.metro.ca/en/online-grocery/search-page-179
SAN PELLEGRINO,"Aranciata Rossa Orange Flavoured Sparkling Beverage,...",330 mL,"$1.49
 ea.",,$0.45 /100ml,,,,https://www.metro.ca/en/online-grocery/search-page-179
SAN PELLEGRINO,"Pomegranate And Orange Flavoured Sparkling Beverage,...",330 mL,"$1.49
 ea.",,$0.45 /100ml,,,,https://www.metro.ca/en/online-grocery/search-page-179
SAN PELLEGRINO,"Limonata Lemon Flavoured Sparkling Beverage, Naturali",330 mL,"$1.49
 ea.",,$0.45 /100ml,,,,https://www.metro.ca/en/online-grocery/search-page-179
SAN PELLEGRINO,"Naturali Arancia And Fico Flavoured Sparkling Wate, ...",330 ml,"$1.49
 ea.",,$0.45 /100ml,,,,https://www.metro.ca/en/online-grocery/search-page-179
NESTLÉ,"Mini Vanilla Ice Cream Sandwiches, Parlour",12x63 mL,"$6.29
 ea.",,$0.83 /100ml,,,,https://www.metro.ca/en/online-grocery/search-page-179
SAN PELLEGRINO,"Aranciata Flavoured Sparkling Water, Naturali",330 mL,"$1.49
 ea.",,$0.45 /100ml,,,,https://www.metro.ca/en/online-grocery/search-page-179
GERBER,Turkey Vegetable Baby Puree,162 mL,"$2.49
 ea.",,$1.54 /100ml,"Regular price
$2.99  ea.","Valid until Feb 7, 2024",https://product-images.metro.ca/images/h76/hcd/10845440901150.jpg,https://www.metro.ca/en/online-grocery/search-page-179
PERRIER,Peach Flavoured Carbonated Natural Spring Water,8x330 mL,"$9.79
 ea.",,$0.37 /100ml,,,https://product-images.metro.ca/images/he6/h9b/11728578019358.jpg,https://www.metro.ca/en/online-grocery/search-page-179
PERRIER,Strawberry Flavoured Carbonated Natural Spring Water,8x330 mL,"$9.79
 ea.",,$0.37 /100ml,,,https://product-images.metro.ca/images/ha2/hab/11728579887134.jpg,https://www.metro.ca/en/online-grocery/search-page-179
PERRIER,Carbonated Natural Spring Water,8x330 mL,"$9.79
 ea.",,$0.37 /100ml,,,https://product-images.metro.ca/images/h55/hc3/11503761915934.jpg,https://www.metro.ca/en/online-grocery/search-page-179
PERRIER,Lime And Ginger Flavoured Carbonated Natural Spring ...,8x330 mL,"$9.79
 ea.",,$0.37 /100ml,,,,https://www.metro.ca/en/online-grocery/search-page-179
THERMOS,Stainless Steel Food Container,1 un - 500 mL,"$16.99
 ea.",,$16.99 /un.,,,https://product-images.metro.ca/images/h44/hf2/10244416241694.jpg,https://www.metro.ca/en/online-grocery/search-page-179
SUN-MAID,Organic Raisins,400 g,"$7.99
 ea.",,$2.00 /100g,,,https://product-images.metro.ca/images/hf1/ha3/9712306421790.jpg,https://www.metro.ca/en/online-grocery/search-page-179
THERMOS,Stainless Steel Insulated Bottle,1 un,"$25.99
 ea.",,$25.99 /un.,,,https://product-images.metro.ca/images/h0c/h44/10244660035614.jpg,https://www.metro.ca/en/online-grocery/search-page-179
SUN-MAID,Mixed Sour Berries Flavoured Raisin,140 g,"$4.99
 ea.",,$3.56 /100g,,,,https://www.metro.ca/en/online-grocery/search-page-179
SUN-MAID,Sour Blue Raspberry Flavoured Raisin,140 g,"$4.99
 ea.",,$3.56 /100g,,,https://product-images.metro.ca/images/hd1/hd6/10767360491550.jpg,https://www.metro.ca/en/online-grocery/search-page-179
SABRA,Classic Guacamole,198 g,"$7.19
 ea.",,$3.63 /100g,,,https://product-images.metro.ca/images/h77/hac/11188628324382.jpg,https://www.metro.ca/en/online-grocery/search-page-180
SABRA,Spicy Guacamole,198 g,"$7.19
 ea.",,$3.63 /100g,,,https://product-images.metro.ca/images/hf4/h6d/12175414231070.jpg,https://www.metro.ca/en/online-grocery/search-page-180
WASA,Fibre Rye Crispbread Cracker,230 g,"$3.79
 ea.",,$1.65 /100g,"Regular price
$4.99  ea.","Valid until Jan 24, 2024",https://product-images.metro.ca/images/h44/hed/11761679040542.jpg,https://www.metro.ca/en/online-grocery/search-page-180
WASA,Light Rye Crispbread Cracker,270 g,"$3.79
 ea.",,$1.40 /100g,"Regular price
$4.99  ea.","Valid until Jan 24, 2024",https://product-images.metro.ca/images/he7/hf0/11198463410206.jpg,https://www.metro.ca/en/online-grocery/search-page-180
WASA,Multigrain Crispbread Crackers,275 g,"$3.79
 ea.",,$1.38 /100g,"Regular price
$4.99  ea.","Valid until Jan 24, 2024",https://product-images.metro.ca/images/h85/h1b/11521982332958.jpg,https://www.metro.ca/en/online-grocery/search-page-180
SABRA,Classic Guacamole With Lime,397 g,"$8.79
 ea.",,$2.21 /100g,"Regular price
$9.79  ea.","Valid until Jan 17, 2024",https://product-images.metro.ca/images/ha3/h00/11635771965470.jpg,https://www.metro.ca/en/online-grocery/search-page-180
IAMS,"Chicken Flavoured Small Breed Dog Food, ProActive He...",3.18 kg,"$18.99
 ea.",,$0.60 /100kg,,,,https://www.metro.ca/en/online-grocery/search-page-180
DOVE,White Soap Bar,3x106 g,"$7.79
 ea.",,$2.45 /100g,,,https://product-images.metro.ca/images/h74/hac/11857626529822.jpg,https://www.metro.ca/en/online-grocery/search-page-180
DOVE,Sensitive Skin Bar Soap,2x106 g,"$5.49
 ea.",,$2.59 /100g,,,https://product-images.metro.ca/images/ha5/h3e/11857630199838.jpg,https://www.metro.ca/en/online-grocery/search-page-180
DOVE,"Extra Fresh Body And Face Bar Soap, Men+Care",3x106 g,"$7.79
 ea.",,$2.45 /100g,,,,https://www.metro.ca/en/online-grocery/search-page-180
DOVE,White Bar Soap,2x106 g,"$5.49
 ea.",,$2.59 /100g,,,https://product-images.metro.ca/images/h8a/h89/11461865668638.jpg,https://www.metro.ca/en/online-grocery/search-page-180
DOVE,"Cool Moisture Bar Soap, Go Fresh",2x106 g,"$5.49
 ea.",,$2.59 /100g,,,,https://www.metro.ca/en/online-grocery/search-page-180
DOVE,"Extra Fresh Body And Face Bar Soap, Men+Care",2x106 g,"$5.49
 ea.",,$2.59 /100g,,,,https://www.metro.ca/en/online-grocery/search-page-180
DOVE,Coconut Milk Bar Soap,2x106 g,"$5.49
 ea.",,$2.59 /100g,,,https://product-images.metro.ca/images/h25/h11/11693858160670.jpg,https://www.metro.ca/en/online-grocery/search-page-180
DOVE,"Deep Clean Body And Face Bar Soap, Men+Care",2x106 g,"$5.49
 ea.",,$2.59 /100g,,,,https://www.metro.ca/en/online-grocery/search-page-180
DOVE,"Hypoallergenic Moisturizing Body Wash, Sensitive Skin",591 mL,"$11.29
 ea.",,$1.91 /100ml,,,,https://www.metro.ca/en/online-grocery/search-page-180
DOVE,"Shea Butter And Vanilla Body Wash, Pampering",325 mL,"$6.49
 ea.",,$2.00 /100ml,,,,https://www.metro.ca/en/online-grocery/search-page-180
DOVE,Pomegranate And Hibiscus Body Wash,325 mL,"$6.49
 ea.",,$2.00 /100ml,,,https://product-images.metro.ca/images/h68/hcc/12175536390174.jpg,https://www.metro.ca/en/online-grocery/search-page-180
DOVE,Deep Moisture Body Wash,591 mL,"$11.29
 ea.",,$1.91 /100ml,,,https://product-images.metro.ca/images/h9d/h14/11660209651742.jpg,https://www.metro.ca/en/online-grocery/search-page-180
DOVE,"Coconut And Cocoa Butters Body Wash, Restoring",325 mL,"$6.49
 ea.",,$2.00 /100ml,,,,https://www.metro.ca/en/online-grocery/search-page-180
WILTON,Green Cake Frosting Tube,120 g,"$3.99
 ea.",,$3.32 /100g,,,https://product-images.metro.ca/images/h15/h84/10246129745950.jpg,https://www.metro.ca/en/online-grocery/search-page-180
WILTON,Pink Cake Frosting Tube,120 g,"$3.99
 ea.",,$3.32 /100g,,,https://product-images.metro.ca/images/h6c/hb7/11161795199006.jpg,https://www.metro.ca/en/online-grocery/search-page-180
WILTON,Black Cake Frosting Tube,120 g,"$3.99
 ea.",,$3.32 /100g,,,https://www.metro.ca/images/shared/placeholders/icon-no-picture.svg?v=2023.71.1.d1,https://www.metro.ca/en/online-grocery/search-page-180
WILTON,Purple Cake Frosting Tube,120 g,"$3.99
 ea.",,$3.32 /100g,,,https://product-images.metro.ca/images/h50/h0d/10674257330206.jpg,https://www.metro.ca/en/online-grocery/search-page-180
WILTON,Primary Colour Icing Set,4 un,"$9.29
 ea.",,$2.32 /un.,,,https://product-images.metro.ca/images/hc7/had/9869162774558.jpg,https://www.metro.ca/en/online-grocery/search-page-180
WILTON,Blue Sanding Sugar,1 un,"$1.99
 ea.",,$1.99 /un.,,,https://product-images.metro.ca/images/hf2/hde/9917038133278.jpg,https://www.metro.ca/en/online-grocery/search-page-180
WILTON,Purple Sanding Sugar,1 un,"$1.99
 ea.",,$1.99 /un.,,,https://product-images.metro.ca/images/h14/h37/11244076040222.jpg,https://www.metro.ca/en/online-grocery/search-page-180
WILTON,Multiform Red Sugar,1 un,"$1.99
 ea.",,$1.99 /un.,,,https://product-images.metro.ca/images/h48/he0/9742750908446.jpg,https://www.metro.ca/en/online-grocery/search-page-180
WILTON,Multiform Yellow Sugar,1 un,"$1.99
 ea.",,$1.99 /un.,,,https://product-images.metro.ca/images/h8b/h4d/11244142919710.jpg,https://www.metro.ca/en/online-grocery/search-page-180
WILTON,Multiform White Sugar,1 un,"$1.99
 ea.",,$1.99 /un.,,,https://product-images.metro.ca/images/hab/hb3/11244066832414.jpg,https://www.metro.ca/en/online-grocery/search-page-180
WILTON,Gold Star Shaped Sugar,1 un,"$1.99
 ea.",,$1.99 /un.,,,https://product-images.metro.ca/images/h24/h83/11244065030174.jpg,https://www.metro.ca/en/online-grocery/search-page-181
WILTON,Silver Star Shaped Sugar,1 un,"$1.99
 ea.",,$1.99 /un.,,,https://product-images.metro.ca/images/h38/hd3/11244066734110.jpg,https://www.metro.ca/en/online-grocery/search-page-181
WILTON,Red Cake Frosting Tube,120 g,"$3.99
 ea.",,$3.32 /100g,,,https://product-images.metro.ca/images/hce/hf2/11307221614622.jpg,https://www.metro.ca/en/online-grocery/search-page-181
WILTON,Non-Stick Cooking Spray,236 mL,"$6.99
 ea.",,$2.96 /100ml,,,https://product-images.metro.ca/images/hdd/h0b/10225302143006.jpg,https://www.metro.ca/en/online-grocery/search-page-181
WILTON,Black Decorating Icing Cake,120 g,"$3.99
 ea.",,$3.32 /100g,,,https://product-images.metro.ca/images/h2f/h65/11161802178590.jpg,https://www.metro.ca/en/online-grocery/search-page-181
3M,Clear Cellophane Tape,1 un,"$2.49
 ea.",,$2.49 /un.,,,https://product-images.metro.ca/images/h11/he5/10190424899614.jpg,https://www.metro.ca/en/online-grocery/search-page-181
SECRET,48h Antiperspirant Stick With Cocoa Butter,73 g,"$8.99
 ea.",,$12.32 /100g,,,https://www.metro.ca/images/shared/placeholders/icon-no-picture.svg?v=2023.71.1.d1,https://www.metro.ca/en/online-grocery/search-page-181
ALWAYS,Large Back And Ultra Thin Sanitary Napkin,16 un,"$5.99
 ea.",,$0.37 /un.,,,https://product-images.metro.ca/images/hd8/hea/11735390847006.jpg,https://www.metro.ca/en/online-grocery/search-page-181
TIDE,"Hygienic Clean Laundry Detergent, Power Pods",25 un,"$17.99
 ea.",,$0.72 /un.,,,,https://www.metro.ca/en/online-grocery/search-page-181
GAIN,Super Fresh Blast Scented HE Compatible Liquid Laund...,4.55 L,"$20.99
 ea.",,$0.46 /100ml,,,,https://www.metro.ca/en/online-grocery/search-page-181
MONTELLIER,Lime Flavoured Carbonated Natural Spring Water,355 mL,"$0.89
 ea.",,$0.25 /100ml,,,https://product-images.metro.ca/images/hbd/h43/11535842705438.jpg,https://www.metro.ca/en/online-grocery/search-page-181
MONTELLIER,Carbonated Natural Spring Water,355 mL,"$0.89
 ea.",,$0.25 /100ml,,,https://product-images.metro.ca/images/h10/hb9/11535844507678.jpg,https://www.metro.ca/en/online-grocery/search-page-181
MONTELLIER,Lemon Flavoured Carbonated Natural Spring Water,355 mL,"$0.89
 ea.",,$0.25 /100ml,,,https://product-images.metro.ca/images/h30/h2a/11535844442142.jpg,https://www.metro.ca/en/online-grocery/search-page-181
SAPPORO,Japanese Lager Beer,6x355 mL - cans,"$13.99
 ea.",,$0.66 /100ml,,,https://product-images.metro.ca/images/h77/hca/10244427776030.jpg,https://www.metro.ca/en/online-grocery/search-page-181
UNIBROUE,"Extra Strong Tripel Style IPA, Ce N'Est Pas La Fin D...",6x341 mL - bottles,"$15.49
 ea.",,$4.54 /100ml,,,,https://www.metro.ca/en/online-grocery/search-page-181
UNIBROUE,"Strong HIPL Beer, Rivière-Trouble",473 mL - can,"$3.79
 ea.",,$0.80 /100ml,,,,https://www.metro.ca/en/online-grocery/search-page-181
UNIBROUE,"Vienna-Style Red Lager Beer, Rousse De Pointe-À-Corbeau",473 mL,"$3.19
 ea.",,$0.67 /100ml,,,,https://www.metro.ca/en/online-grocery/search-page-181
UNIBROUE,"Beer Assortment, Blanche De Chambly Mix",12x355 mL,"$23.99
 ea.",,$6.76 /100ml,,,,https://www.metro.ca/en/online-grocery/search-page-181
UNIBROUE,"Belgian-Style Saison Beer, Saison Libre",4x473 mL,"$13.99
 ea.",,$2.96 /100ml,"Regular price
$14.49  ea.","Valid until Feb 7, 2024",,https://www.metro.ca/en/online-grocery/search-page-181
UNIBROUE,"Extra Strong Belgian-Style IPA Beer, Ce N'Est Pas La...",473 mL,"$3.79
 ea.",,$0.80 /100ml,,,,https://www.metro.ca/en/online-grocery/search-page-181
MONTELLIER,Clementine Flavoured Carbonated Water,355 mL,"$0.89
 ea.",,$0.25 /100ml,,,https://product-images.metro.ca/images/hfc/hcd/11735294050334.jpg,https://www.metro.ca/en/online-grocery/search-page-181
UNIBROUE,"Belgian-Style White Beer, Blanche De Chambly Apricot",4x473 mL,"$13.99
 ea.",,$2.96 /100ml,"Regular price
$14.49  ea.","Valid until Feb 7, 2024",,https://www.metro.ca/en/online-grocery/search-page-181
UNIBROUE,"Belgian-Style White Beer, Blanche De Chambly Apricot",473 mL,"$3.49
 ea.",,$0.74 /100ml,,,,https://www.metro.ca/en/online-grocery/search-page-181
MAYNARDS,"Gummy Berries, Swedish Berries",64 g,"$1.49
 ea.",,$2.33 /100g,,,,https://www.metro.ca/en/online-grocery/search-page-181
TRIDENT,Watermelon Flavoured Gum,3x14 un,"$4.29
 ea.",,$0.10 /un.,,,https://product-images.metro.ca/images/h69/h4f/11168888946718.jpg,https://www.metro.ca/en/online-grocery/search-page-181
MAYNARDS,"Peach Flavoured Sour Gummies, Fuzzy Peach",154 g,"$2.99
 ea.",,$1.94 /100g,"Regular price
$3.29  ea.","Valid until Jan 24, 2024",,https://www.metro.ca/en/online-grocery/search-page-181
SOUR PATCH KIDS,"Watermelon Flavoured Sour Gummies, Sour Patch Kids",154 g,"$2.99
 ea.",,$1.94 /100g,"Regular price
$3.29  ea.","Valid until Jan 24, 2024",,https://www.metro.ca/en/online-grocery/search-page-181
MAYNARDS,"Tropical Flavoured Gummy Berries, Swedish Berries",154 g,"$2.99
 ea.",,$1.94 /100g,"Regular price
$3.29  ea.","Valid until Jan 24, 2024",,https://www.metro.ca/en/online-grocery/search-page-181
HEINZ,Mayoracha Sauce,490 mL,"$5.99
 ea.",,$1.22 /100ml,,,https://product-images.metro.ca/images/h8c/h15/9427329843230.jpg,https://www.metro.ca/en/online-grocery/search-page-181
HEINZ,"Vegetables And Trout Fillet Flavoured Baby Puree, By...",128 mL,"$2.19
 ea.",,$1.71 /100ml,,,,https://www.metro.ca/en/online-grocery/search-page-181
DAINTY,Kimora Calrose Rice,3.63 kg,"$24.29
 ea.",,$0.67 /100g,"Regular price
$25.49  ea.","Valid until Jan 24, 2024",https://product-images.metro.ca/images/h7f/hc7/10715507195934.jpg,https://www.metro.ca/en/online-grocery/search-page-182
MIKES,Submarine Oil,200 mL,"$8.79
 ea.",,$4.40 /100ml,,,https://product-images.metro.ca/images/hf3/h16/9928026718238.jpg,https://www.metro.ca/en/online-grocery/search-page-182
MIKES,Spiced Pizza Oil,200 mL,"$8.79
 ea.",,$4.40 /100ml,,,https://product-images.metro.ca/images/h2b/hfa/9927978221598.jpg,https://www.metro.ca/en/online-grocery/search-page-182
DAINTY,"Basmati Rice Blend , Rajah",450 g,"$4.99
 ea.",,$1.11 /100g,"Regular price
$5.99  ea.","Valid until Jan 24, 2024",,https://www.metro.ca/en/online-grocery/search-page-182
SUNRYPE,"Orange And Passion Fruit Juice, Slim",1.36 L,"$3.49
 ea.",,$0.26 /100ml,"Regular price
$4.39  ea.","Valid until Jan 24, 2024",,https://www.metro.ca/en/online-grocery/search-page-182
SUMM!,Edamame Gyoza Dumplings,250 g,"$7.99
 ea.",,$3.20 /100g,,,https://product-images.metro.ca/images/h6d/h66/11655183990814.jpg,https://www.metro.ca/en/online-grocery/search-page-182
SLEEMAN,"Cream Ale Beer, Cracked Canoe",12x355 mL - cans,"$22.99
 ea.",,$6.48 /100ml,,,,https://www.metro.ca/en/online-grocery/search-page-182
UNIBROUE,"Extra Strong Belgian-Style Tripel On Lees, La Fin Du...",4x473 mL,"$15.49
 ea.",,$3.27 /100ml,,,,https://www.metro.ca/en/online-grocery/search-page-182
UNIBROUE,"Extra Strong Belgian-Style Tripel On Lees, La Fin Du...",473 mL,"$3.79
 ea.",,$0.80 /100ml,,,,https://www.metro.ca/en/online-grocery/search-page-182
OIKOS,2% Plain Greek Yogurt,1.5 kg,"$10.49
 ea.",,$0.70 /100g,,,https://product-images.metro.ca/images/hdb/h96/11521866792990.jpg,https://www.metro.ca/en/online-grocery/search-page-182
UNIBROUE,"Strong Belgian Style Dubbel Amber Beer, La Maudite",473 mL,"$3.79
 ea.",,$0.80 /100ml,,,,https://www.metro.ca/en/online-grocery/search-page-182
UNIBROUE,"Extra Strong Belgian-Style Imperial White Beer, Don ...",4x473 mL,"$15.49
 ea.",,$3.27 /100ml,,,,https://www.metro.ca/en/online-grocery/search-page-182
UNIBROUE,"Strong Belgian-Style Dark Beer, Trois Pistoles",4x473 mL,"$15.49
 ea.",,$3.27 /100ml,,,,https://www.metro.ca/en/online-grocery/search-page-182
COLGATE,"Breath Strips Whitening Toothpaste, MaxFresh",52 ml,"$2.19
 ea.",,$4.21 /100ml,,,,https://www.metro.ca/en/online-grocery/search-page-182
OLD EL PASO,"Taco Seasoning Mix, Value Pack",177 g,"$7.49
 ea.",,$4.23 /100g,"Regular price
$9.99  ea.","Valid until Jan 24, 2024",,https://www.metro.ca/en/online-grocery/search-page-182
COLGATE,"Gentle Whitening Toothpaste, Sensitive Pro-Relief",120 mL,"$8.29
 ea.",,$6.91 /100ml,,,,https://www.metro.ca/en/online-grocery/search-page-182
COLGATE,"Charcoal Powered Toothbrush, 360°",1 un,"$16.99
 ea.",,$16.99 /un.,,,,https://www.metro.ca/en/online-grocery/search-page-182
OLD EL PASO,"Soft Taco Dinner Kit, For 2",155 g,"$3.49
 ea.",,$2.25 /100g,"Regular price
$5.49  ea.","Valid until Jan 24, 2024",,https://www.metro.ca/en/online-grocery/search-page-182
TRADITION STE-JULIE,Traditional Cream Fudge,180 g,"$6.19
 ea.",,$3.44 /100g,,,https://product-images.metro.ca/images/h57/h69/10111086493726.jpg,https://www.metro.ca/en/online-grocery/search-page-182
TRADITION STE-JULIE,Maple Syrup Cream Fudge,180 g,"$6.19
 ea.",,$3.44 /100g,,,https://product-images.metro.ca/images/h8c/ha6/10110809800734.jpg,https://www.metro.ca/en/online-grocery/search-page-182
TRADITION STE-JULIE,Chocolate Cream Fudge,180 g,"$6.19
 ea.",,$3.44 /100g,,,https://product-images.metro.ca/images/ha3/h1d/10110030577694.jpg,https://www.metro.ca/en/online-grocery/search-page-182
TRADITION STE-JULIE,Nuts And Cream Fudge,180 g,"$6.19
 ea.",,$3.44 /100g,,,https://product-images.metro.ca/images/hcb/h31/10184531836958.jpg,https://www.metro.ca/en/online-grocery/search-page-182
OLD EL PASO,Mild Taco Sauce,243 mL,"$3.49
 ea.",,$1.44 /100ml,"Regular price
$5.29  ea.","Valid until Jan 24, 2024",https://product-images.metro.ca/images/h49/hc3/11148709494814.jpg,https://www.metro.ca/en/online-grocery/search-page-182
OLD EL PASO,"Flour Tortillas, Pockets",238 g,"$3.49
 ea.",,$1.47 /100g,"Regular price
$5.79  ea.","Valid until Jan 24, 2024",,https://www.metro.ca/en/online-grocery/search-page-182
OLD EL PASO,Taco Seasoning With 25 % Less Sodium,177 g,"$7.49
 ea.",,$4.23 /100g,"Regular price
$9.99  ea.","Valid until Jan 24, 2024",https://product-images.metro.ca/images/hba/h1b/11694079148062.jpg,https://www.metro.ca/en/online-grocery/search-page-182
OLD EL PASO,Mexican Ranch Flavoured Tortilla Kit,110 g,"$3.49
 ea.",,$3.17 /100g,"Regular price
$3.99  ea.","Valid until Jan 24, 2024",https://product-images.metro.ca/images/h03/h35/11849589522462.jpg,https://www.metro.ca/en/online-grocery/search-page-182
OLD EL PASO,Spicy Tortilla,110 g,"$3.49
 ea.",,$3.17 /100g,"Regular price
$3.99  ea.","Valid until Jan 24, 2024",https://product-images.metro.ca/images/h93/h12/11849787605022.jpg,https://www.metro.ca/en/online-grocery/search-page-182
HEINZ,"Prepared Mustard, Sweet Relish & Tomato Ketchup Trio",3x375 mL,"$6.99
 ea.",,$0.62 /100ml,,,https://product-images.metro.ca/images/h83/hd1/9644548653086.jpg,https://www.metro.ca/en/online-grocery/search-page-182
HEINZ,"Organic Creamed Corn Purée For Babies 6+ Months, By ...",128 mL,"$1.69
 ea.",,$1.32 /100ml,,,,https://www.metro.ca/en/online-grocery/search-page-182
HEINZ,"Custard Flavoured Baby Puree, By Nature",128 mL,"$2.19
 ea.",,$1.71 /100ml,,,,https://www.metro.ca/en/online-grocery/search-page-182
TINGLY TED'S,Hot Gravy,249 mL,"$6.99
 ea.",,$2.81 /100ml,,,https://product-images.metro.ca/images/hae/h97/12210285346846.jpg,https://www.metro.ca/en/online-grocery/search-page-183
DAINTY,Organic Gluten Free Wild Brown Rice,410 g,"$4.49
 ea.",,$1.10 /100g,"Regular price
$5.49  ea.","Valid until Jan 24, 2024",https://product-images.metro.ca/images/h8f/he1/10715455848478.jpg,https://www.metro.ca/en/online-grocery/search-page-183
DAINTY,Basmati Rice,3.63 kg,"$24.29
 ea.",,$0.67 /100g,"Regular price
$25.49  ea.","Valid until Jan 24, 2024",https://product-images.metro.ca/images/h84/hae/10715505328158.jpg,https://www.metro.ca/en/online-grocery/search-page-183
DAINTY,Kimora Rice,1.6 kg,"$10.49
 ea.",,$0.66 /100g,"Regular price
$13.49  ea.","Valid until Jan 24, 2024",https://product-images.metro.ca/images/hf5/hab/11274373038110.jpg,https://www.metro.ca/en/online-grocery/search-page-183
DAINTY,Family Pack Royal Long Grain Rice,1.6 kg,"$9.99
 ea.",,$0.62 /100g,"Regular price
$10.99  ea.","Valid until Dec 27, 2023",https://product-images.metro.ca/images/hb7/h58/12051421167646.jpg,https://www.metro.ca/en/online-grocery/search-page-183
DAINTY,Jasmina Rice Blend,450 g,"$4.99
 ea.",,$1.11 /100g,"Regular price
$5.99  ea.","Valid until Jan 24, 2024",https://product-images.metro.ca/images/h49/h4b/12051263520798.jpg,https://www.metro.ca/en/online-grocery/search-page-183
DAINTY,"Wholegrain Rice Blend , Borealis",450 g,"$4.99
 ea.",,$1.11 /100g,"Regular price
$5.99  ea.","Valid until Jan 24, 2024",,https://www.metro.ca/en/online-grocery/search-page-183
SUNRYPE,"Pink Grapefruit Juice, Slim",1.36 L,"$3.49
 ea.",,$0.26 /100ml,"Regular price
$4.39  ea.","Valid until Jan 24, 2024",,https://www.metro.ca/en/online-grocery/search-page-183
ALCAN,Strong Aluminium Foil,53 m,"$11.99
 ea.",,$0.23 /m,,,https://product-images.metro.ca/images/had/h4e/10101203402782.jpg,https://www.metro.ca/en/online-grocery/search-page-183
VALLE DELLA ROSA,Italian White Wine,750 mL,"$13.99
 ea.",,$1.87 /100ml,"Regular price
$15.49  ea.","Valid until Feb 7, 2024",https://product-images.metro.ca/images/h9e/h72/10072198119454.jpg,https://www.metro.ca/en/online-grocery/search-page-183
OLYMEL,Black Forest Smoked Ham,300 g,"$7.49
 ea.",,$2.50 /100g,,,https://product-images.metro.ca/images/h52/h63/9742559739934.jpg,https://www.metro.ca/en/online-grocery/search-page-183
EL-MA-MIA,Salad Mix Seasoning,180 g,"$6.49
 ea.",,$3.61 /100g,,,https://product-images.metro.ca/images/ha3/h20/9520322183198.jpg,https://www.metro.ca/en/online-grocery/search-page-183
NAYA,Demineralized Spring Water,4 L,"$2.79
 ea.",,$0.07 /100ml,,,https://product-images.metro.ca/images/hfc/hdd/10882917138462.jpg,https://www.metro.ca/en/online-grocery/search-page-183
BLUFF,Non-Alcoholic Yuzu Flavoured Margarita,4x355 mL,"$8.99
 ea.",,$0.63 /100ml,"Regular price
$9.99  ea.","Valid until Feb 7, 2024",https://product-images.metro.ca/images/h22/hcc/11630027898910.jpg,https://www.metro.ca/en/online-grocery/search-page-183
BLUFF,Non-Alcoholic Lime And Juniper Berries Flavoured Gin...,355 mL,"$2.99
 ea.",,$0.84 /100ml,,,,https://www.metro.ca/en/online-grocery/search-page-183
BOB LE CHEF,"Italian White Wine, Le Barbèque",750 mL,"$14.49
 ea.",,$1.93 /100ml,,,,https://www.metro.ca/en/online-grocery/search-page-183
ARIZONA,"Lemon Ice Tea Flavoured Alcoholic Malt Beverages, Hard",12x355 mL,"$22.99
 ea.",,$0.54 /100ml,,,,https://www.metro.ca/en/online-grocery/search-page-183
MYSTERY ROAD,Canadian White Wine,750 mL,"$17.49
 ea.",,$2.33 /100ml,"Regular price
$19.69  ea.","Valid until Feb 7, 2024",https://product-images.metro.ca/images/he0/h42/12210280857630.jpg,https://www.metro.ca/en/online-grocery/search-page-183
ARIZONA,"Alcoholic Malt Beverage Variety Pack, Hard",12x355 mL - cans,"$22.99
 ea.",,$0.54 /100ml,,,,https://www.metro.ca/en/online-grocery/search-page-183
VIZZY,Raspberry Lemonade Flavoured Alcoholic Malt Beverage,6x355 mL,"$13.99
 ea.",,$3.94 /100ml,"Regular price
$15.49  ea.","Valid until Feb 7, 2024",https://product-images.metro.ca/images/h7e/heb/11497566076958.jpg,https://www.metro.ca/en/online-grocery/search-page-183
LES TROIS PIGNONS,French Red Wine,750 mL,"$13.99
 ea.",,$1.87 /100ml,"Regular price
$16.29  ea.","Valid until Feb 7, 2024",https://product-images.metro.ca/images/hbd/he5/12210281742366.jpg,https://www.metro.ca/en/online-grocery/search-page-183
ARIZONA,Ginseng And Honey Green Tea Flavoured Alcoholic Malt...,12x355 mL,"$22.99
 ea.",,$0.54 /100ml,,,,https://www.metro.ca/en/online-grocery/search-page-183
EL-MA-MIA,Tacos Tofu Seasoning,125 g,"$6.99
 ea.",,$5.59 /100g,,,https://product-images.metro.ca/images/h33/h88/11868164423710.jpg,https://www.metro.ca/en/online-grocery/search-page-183
EL-MA-MIA,Tofughetti Tofu Seasoning,135 g,"$6.99
 ea.",,$5.18 /100g,,,https://product-images.metro.ca/images/ha3/hc3/11868168028190.jpg,https://www.metro.ca/en/online-grocery/search-page-183
KEEP CALM & SHINE,Canadian White Wine,750 mL,"$11.99
 ea.",,$1.60 /100ml,,,https://product-images.metro.ca/images/hfe/hbd/12210375000094.jpg,https://www.metro.ca/en/online-grocery/search-page-183
SMOKY BAY,Alcohol-Free Australian Sparkling Wine,750 ml,"$9.99
 ea.",,$1.33 /100ml,"Regular price
$10.99  ea.","Valid until Feb 7, 2024",https://product-images.metro.ca/images/hec/hee/11493375246366.jpg,https://www.metro.ca/en/online-grocery/search-page-183
BOB LE CHEF,"Italian White Wine, Le Barbèque",750 mL,"$14.49
 ea.",,$1.93 /100ml,,,,https://www.metro.ca/en/online-grocery/search-page-183
OLE SANGRITA,Peach Flavoured Rosé Sangria,1 L,"$7.99
 ea.",,$0.80 /100ml,,,https://product-images.metro.ca/images/h5d/h65/10072211587102.jpg,https://www.metro.ca/en/online-grocery/search-page-183
EL-MA-MIA,Beefy Spice Mix For Steak,180 g,"$6.79
 ea.",,$3.77 /100g,,,https://product-images.metro.ca/images/h25/h84/11461879234590.jpg,https://www.metro.ca/en/online-grocery/search-page-183
COORS SELTZER,Mango Flavoured Alcoholic Malt Beverage,6x355 mL,"$13.99
 ea.",,$0.66 /100ml,"Regular price
$14.99  ea.","Valid until Feb 7, 2024",https://product-images.metro.ca/images/h70/hf5/10710679846942.jpg,https://www.metro.ca/en/online-grocery/search-page-183
NAYA,Spring Water,500 mL,"$0.99
 ea.",,$0.20 /100ml,,,https://product-images.metro.ca/images/h14/h9d/9520297050142.jpg,https://www.metro.ca/en/online-grocery/search-page-184
OLYMEL,Chopped Cooked Ham,2x175 g,"$6.00
 ea.",,$1.71 /100g,,,https://product-images.metro.ca/images/h90/h62/10794306535454.jpg,https://www.metro.ca/en/online-grocery/search-page-184
,Precooked Smoked Bacon Frozen,250 g,"$15.00
 ea.",,$6.00 /100g,,,https://product-images.metro.ca/images/hc9/h1f/12122276298782.jpg,https://www.metro.ca/en/online-grocery/search-page-184
BLUFF,Non-Alcoholic Yuzu Flavoured Margarita,355 mL,"$2.99
 ea.",,$0.84 /100ml,,,https://www.metro.ca/images/shared/placeholders/icon-no-picture.svg?v=2023.71.1.d1,https://www.metro.ca/en/online-grocery/search-page-184
BLUFF,Non-Alcoholic Lime And Juniper Berries Flavoured Gin...,4x355 mL,"$8.99
 ea.",,$0.63 /100ml,"Regular price
$9.99  ea.","Valid until Feb 7, 2024",,https://www.metro.ca/en/online-grocery/search-page-184
ARIZONA,"Lemon Ice Tea Flavoured Alcoholic Malt Beverage, Hard",6x355 mL,"$12.99
 ea.",,$0.61 /100ml,,,,https://www.metro.ca/en/online-grocery/search-page-184
MAGNITUDE,French White Wine,1 L,"$13.99
 ea.",,$1.40 /100ml,,,https://product-images.metro.ca/images/h2b/haf/12210283675678.jpg,https://www.metro.ca/en/online-grocery/search-page-184
ARIZONA,"Ginseng And Honey Green Tea Alcoholic Malt Beverage,...",473 mL - can,"$3.49
 ea.",,$0.74 /100ml,,,,https://www.metro.ca/en/online-grocery/search-page-184
BOB LE CHEF,"Spanish Red Wine, Le Barbèque",750 mL,"$14.49
 ea.",,$1.93 /100ml,,,,https://www.metro.ca/en/online-grocery/search-page-184
MAGNITUDE,French Red Wine,1 L,"$13.99
 ea.",,$1.40 /100ml,,,https://product-images.metro.ca/images/h31/hfc/12210337382430.jpg,https://www.metro.ca/en/online-grocery/search-page-184
BLASON ROUGE,French Red Wine,750 mL,"$13.99
 ea.",,$1.87 /100ml,"Regular price
$16.29  ea.","Valid until Feb 7, 2024",https://product-images.metro.ca/images/hb6/hfe/12210278957086.jpg,https://www.metro.ca/en/online-grocery/search-page-184
FIELD STORY,American White Wine,750 mL,"$13.99
 ea.",,$1.87 /100ml,"Regular price
$16.29  ea.","Valid until Feb 7, 2024",https://product-images.metro.ca/images/hf8/h8a/12210280431646.jpg,https://www.metro.ca/en/online-grocery/search-page-184
FIELD STORY,American Red Wine,750 mL,"$13.99
 ea.",,$1.87 /100ml,"Regular price
$16.29  ea.","Valid until Feb 7, 2024",https://product-images.metro.ca/images/h11/h41/12210279972894.jpg,https://www.metro.ca/en/online-grocery/search-page-184
EL-MA-MIA,General Tao Tofu Seasoning,2x70 g,"$6.99
 ea.",,$4.99 /100g,,,https://product-images.metro.ca/images/he1/hbd/11868125757470.jpg,https://www.metro.ca/en/online-grocery/search-page-184
TORO LOCO,Spanish White Wine,1 L,"$13.99
 ea.",,$1.40 /100ml,,,https://product-images.metro.ca/images/h2b/hb8/12210345246750.jpg,https://www.metro.ca/en/online-grocery/search-page-184
SMOKY BAY,Non-Alcoholic Australian White Wine,750 mL,"$9.99
 ea.",,$1.33 /100ml,,,https://product-images.metro.ca/images/h46/h83/12210482806814.jpg,https://www.metro.ca/en/online-grocery/search-page-184
ARIZONA,Ginseng And Honey Green Tea Flavoured Alcoholic Malt...,6x355 mL,"$12.99
 ea.",,$0.61 /100ml,,,,https://www.metro.ca/en/online-grocery/search-page-184
ARIZONA,"Peach Iced Tea Alcoholic Malt Beverages, Hard",6x355 mL,"$12.99
 ea.",,$0.61 /100ml,,,,https://www.metro.ca/en/online-grocery/search-page-184
AMSTEL ULTRA,Dutch Light Lager Beer,6x355 mL,"$13.49
 ea.",,$0.63 /100ml,"Regular price
$15.49  ea.","Valid until Feb 7, 2024",https://product-images.metro.ca/images/h02/h48/11101237149726.jpg,https://www.metro.ca/en/online-grocery/search-page-184
AMSTEL ULTRA,Dutch Light Lager Beer,473 mL,"$4.79
 ea.",,$1.01 /100ml,,,https://product-images.metro.ca/images/h32/h39/11101239705630.jpg,https://www.metro.ca/en/online-grocery/search-page-184
MOLSON,Passion Fruit Papaya Flavoured Alcoholic Sparkling W...,6x355 mL,"$13.99
 ea.",,$0.66 /100ml,"Regular price
$15.49  ea.","Valid until Feb 7, 2024",,https://www.metro.ca/en/online-grocery/search-page-184
MOLSON,"Cherry Slushie Flavoured Alcoholic Sparkling Water, ...",6x355 mL,"$13.99
 ea.",,$0.66 /100ml,"Regular price
$14.99  ea.","Valid until Feb 7, 2024",,https://www.metro.ca/en/online-grocery/search-page-184
MOLSON,"Blue Raspberry Flavoured Alcoholic Sparkling Water, ...",6x355 mL,"$13.99
 ea.",,$0.66 /100ml,"Regular price
$14.99  ea.","Valid until Feb 7, 2024",,https://www.metro.ca/en/online-grocery/search-page-184
MOLSON,Lemon & Blackberry Flavoured Alcoholic Sparkling Wat...,6x355 mL,"$13.99
 ea.",,$0.66 /100ml,"Regular price
$15.49  ea.","Valid until Feb 7, 2024",,https://www.metro.ca/en/online-grocery/search-page-184
KAMOURASKA SODE,Peach And Passion Fruit Flavoured Alcoholic Beverage,473 mL,"$2.99
 ea.",,$0.63 /100ml,,,https://product-images.metro.ca/images/he9/h9f/10072204935198.jpg,https://www.metro.ca/en/online-grocery/search-page-184
KAMOURASKA SODA,Lime Flavoured Alcoholic Beverage,473 mL,"$2.99
 ea.",,$0.63 /100ml,,,https://product-images.metro.ca/images/hdb/h51/10072208539678.jpg,https://www.metro.ca/en/online-grocery/search-page-184
KAMOURASKA SODA,Grapefruit Flavoured Alcoholic Beverage,473 mL,"$2.99
 ea.",,$0.63 /100ml,,,https://product-images.metro.ca/images/hfd/h93/10072208736286.jpg,https://www.metro.ca/en/online-grocery/search-page-184
KEEP CALM,"Canadian Rosé Wine, & Chill",250 mL,"$4.49
 ea.",,$1.80 /100ml,,,,https://www.metro.ca/en/online-grocery/search-page-184
ÉTINCELLES,"Sparkling Wine Style Alcoholic Malt Beverage, Mousseux",750 mL,"$7.49
 ea.",,$1.00 /100ml,"Regular price
$8.99  ea.","Valid until Feb 7, 2024",,https://www.metro.ca/en/online-grocery/search-page-184
GURD'S,Ginger Beer,4x250 mL,"$3.74
 ea.",,$0.37 /100ml,"Regular price
$7.49  ea.","Valid until Apr 4, 2024",https://product-images.metro.ca/images/h5e/h0b/9996485230622.jpg,https://www.metro.ca/en/online-grocery/search-page-184
GURD'S,Tonic Water,4x250 mL,"$3.74
 ea.",,$0.37 /100ml,"Regular price
$7.49  ea.","Valid until Apr 4, 2024",https://product-images.metro.ca/images/h31/h28/9996480184350.jpg,https://www.metro.ca/en/online-grocery/search-page-185
SHAPE,Raspberry And Mint Flavoured Alcoholic Sparkling Water,6x355 mL,"$14.99
 ea.",,$0.70 /100ml,,,https://product-images.metro.ca/images/he0/h85/10170735951902.jpg,https://www.metro.ca/en/online-grocery/search-page-185
SHAPE,Hibiscus And Berry Flavoured Alcoholic Sparkling Water,6x355 mL,"$14.99
 ea.",,$0.70 /100ml,,,https://product-images.metro.ca/images/h57/hf1/10170732019742.jpg,https://www.metro.ca/en/online-grocery/search-page-185
SHAPE,Lemon And Lime Flavoured Alcoholic Sparkling Water,473 mL,"$3.99
 ea.",,$0.84 /100ml,,,https://product-images.metro.ca/images/h9a/hda/10184283881502.jpg,https://www.metro.ca/en/online-grocery/search-page-185
SHAPE,Alcoholic Sparkling Water Mix Pack,12x355 mL,"$20.99
 ea.",,$0.49 /100ml,"Regular price
$24.99  ea.","Valid until Feb 7, 2024",https://product-images.metro.ca/images/h8d/hf3/10170730020894.jpg,https://www.metro.ca/en/online-grocery/search-page-185
BON TEMPS POUR,Canadian White Wine,750 mL,"$9.99
 ea.",,$1.33 /100ml,"Regular price
$10.99  ea.","Valid until Feb 7, 2024",https://product-images.metro.ca/images/h07/h97/10072236621854.jpg,https://www.metro.ca/en/online-grocery/search-page-185
BON TEMPS POUR,Canadian Red Wine,750 mL,"$9.99
 ea.",,$1.33 /100ml,"Regular price
$10.99  ea.","Valid until Feb 7, 2024",https://product-images.metro.ca/images/h41/h8c/10072238194718.jpg,https://www.metro.ca/en/online-grocery/search-page-185
BON TEMPS POUR,Australian Red Wine,750 mL,"$9.99
 ea.",,$1.33 /100ml,"Regular price
$10.99  ea.","Valid until Feb 7, 2024",https://product-images.metro.ca/images/h1c/h31/10072238522398.jpg,https://www.metro.ca/en/online-grocery/search-page-185
BON TEMPS POUR,Canadian White Wine,750 mL,"$9.99
 ea.",,$1.33 /100ml,"Regular price
$10.99  ea.","Valid until Feb 7, 2024",https://product-images.metro.ca/images/ha2/hf4/10072238784542.jpg,https://www.metro.ca/en/online-grocery/search-page-185
BON TEMPS POUR,Canadian Rosé Wine,750 mL,"$9.99
 ea.",,$1.33 /100ml,"Regular price
$10.99  ea.","Valid until Feb 7, 2024",https://product-images.metro.ca/images/hee/h36/10072236228638.jpg,https://www.metro.ca/en/online-grocery/search-page-185
SHAPE,Lemon And Lime Flavoured Alcoholic Beverage,6x355 mL,"$14.99
 ea.",,$0.70 /100ml,,,https://product-images.metro.ca/images/hc3/hea/10244315545630.jpg,https://www.metro.ca/en/online-grocery/search-page-185
KEEP CALM,"Canadian White Wine, & Shine",750 mL,"$11.99
 ea.",,$1.60 /100ml,,,,https://www.metro.ca/en/online-grocery/search-page-185
KEEP CALM,"Canadian Red Wine, & Thrive",750 mL,"$12.29
 ea.",,$1.64 /100ml,,,,https://www.metro.ca/en/online-grocery/search-page-185
MISS SUSHI,French White Wine,750 mL,"$12.99
 ea.",,$1.73 /100ml,"Regular price
$14.49  ea.","Valid until Feb 7, 2024",https://product-images.metro.ca/images/h3b/h6e/10433188790302.jpg,https://www.metro.ca/en/online-grocery/search-page-185
SMOKY BAY,Dealcoholized Australian Red Wine,750 mL,"$9.99
 ea.",,$1.33 /100ml,,,https://product-images.metro.ca/images/he9/h75/10823308214302.jpg,https://www.metro.ca/en/online-grocery/search-page-185
SMOKY BAY,Dealcoholized Australian White Wine,750 mL,"$9.99
 ea.",,$1.33 /100ml,,,https://product-images.metro.ca/images/h5f/h70/10823308017694.jpg,https://www.metro.ca/en/online-grocery/search-page-185
SMOKY BAY,Dealcoholized Australian Rosé Wine,750 mL,"$9.99
 ea.",,$1.33 /100ml,,,https://product-images.metro.ca/images/hfe/h29/10433206321182.jpg,https://www.metro.ca/en/online-grocery/search-page-185
SHAPE,Raspberry And Mint Flavoured Alcoholic Malt Beverage,473 mL,"$3.99
 ea.",,$0.84 /100ml,,,https://product-images.metro.ca/images/h5a/h8b/11571183321118.jpg,https://www.metro.ca/en/online-grocery/search-page-185
SANTA CRUISE,Sangria Alcoholic Drink,1 L,"$7.49
 ea.",,$0.75 /100ml,,,https://product-images.metro.ca/images/h60/hdf/10379114119198.jpg,https://www.metro.ca/en/online-grocery/search-page-185
SEVENTH HEAVEN,Rhubarb And Wild Strawberry Flavoured Alcoholic Malt...,6x355 mL,"$14.99
 ea.",,$0.70 /100ml,,,,https://www.metro.ca/en/online-grocery/search-page-185
SEVENTH HEAVEN,"Alcoholic Malt Beverage Variety Pack, Mix Heaven",12x355 mL,"$24.99
 ea.",,$0.59 /100ml,,,,https://www.metro.ca/en/online-grocery/search-page-185
SEVENTH HEAVEN,Gin Tonic Flavoured Alcoholic Malt Beverage With A S...,6x355 mL,"$14.99
 ea.",,$0.70 /100ml,,,,https://www.metro.ca/en/online-grocery/search-page-185
SEVENTH HEAVEN,Pink Grapefruit Flavoured Alcoholic Malt Beverage,6x355 mL,"$14.99
 ea.",,$0.70 /100ml,,,https://product-images.metro.ca/images/h76/hf2/10821435162654.jpg,https://www.metro.ca/en/online-grocery/search-page-185
MISS SUSHI,Italian White Wine,750 mL,"$12.99
 ea.",,$1.73 /100ml,"Regular price
$14.49  ea.","Valid until Feb 7, 2024",https://product-images.metro.ca/images/h9d/h72/11037792731166.jpg,https://www.metro.ca/en/online-grocery/search-page-185
ÉTINCELLES,"Sparkling Rosé Wine Style Alcoholic Malt Beverage, M...",750 mL,"$7.49
 ea.",,$1.00 /100ml,"Regular price
$8.99  ea.","Valid until Feb 7, 2024",,https://www.metro.ca/en/online-grocery/search-page-185
ÉTINCELLES,Grapefruit Flavoured Sparkling Wine Style Alcoholic ...,750 mL,"$7.49
 ea.",,$1.00 /100ml,"Regular price
$8.99  ea.","Valid until Feb 7, 2024",,https://www.metro.ca/en/online-grocery/search-page-185
BOB LE CHEF,"French Red Wine, Le Barbèque",750 mL,"$14.49
 ea.",,$1.93 /100ml,,,,https://www.metro.ca/en/online-grocery/search-page-185
OLÉ SANGRITA,White Sangria,1 L,"$7.99
 ea.",,$0.80 /100ml,,,https://product-images.metro.ca/images/h9c/hd4/11493358305310.jpg,https://www.metro.ca/en/online-grocery/search-page-185
HEINZ,"Organic Pea Purée For Babies 6+ Months, By Nature",128 mL,"$1.69
 ea.",,$1.32 /100ml,,,,https://www.metro.ca/en/online-grocery/search-page-185
GRISSOL,Olive Oil And Rosemary Flavoured Melba Toast,400 g,"$5.29
 ea.",,$1.32 /100g,"Regular price
$6.49  ea.","Valid until Jan 24, 2024",https://product-images.metro.ca/images/h2f/h21/9669063442462.jpg,https://www.metro.ca/en/online-grocery/search-page-185
GRISSOL,Ceasar Salad Croutons,135 g,"$2.49
 ea.",,$1.84 /100g,"Regular price
$2.99  ea.","Valid until Jan 24, 2024",https://product-images.metro.ca/images/he1/h0c/10519009296414.jpg,https://www.metro.ca/en/online-grocery/search-page-186
YOPLAIT,"Strawberry, Blueberry And Raspberry Flavoured 1% Dri...",12x200 mL,"$11.79
 ea.",,$0.49 /100ml,,,,https://www.metro.ca/en/online-grocery/search-page-186
BEN'S ORIGINAL,Jasmine Rice,1.6 kg,"$9.99
 ea.",,$0.62 /100kg,"Regular price
$13.99  ea.","Valid until Jan 24, 2024",https://product-images.metro.ca/images/hd5/hc3/12245554102302.jpg,https://www.metro.ca/en/online-grocery/search-page-186
BEN'S ORIGINAL,"Long Grain Rice, Converted",4 kg,"$16.49
 ea.",,$0.41 /100g,,,,https://www.metro.ca/en/online-grocery/search-page-186
SKITTLES,Original Gummies Candy,280 g,"$6.79
 ea.",,$2.42 /100g,,,https://product-images.metro.ca/images/hed/ha0/10882921627678.jpg,https://www.metro.ca/en/online-grocery/search-page-186
BEN'S ORIGINAL,Organic Garlic Flavoured Quinoa & Brown Rice,240 g,"$4.99
 ea.",,$2.08 /100kg,,,https://product-images.metro.ca/images/h01/h14/12245575532574.jpg,https://www.metro.ca/en/online-grocery/search-page-186
GOLD SEAL,Pacific Pink Salmon,418 g,"$6.49
 ea.",,$1.55 /100g,,,https://product-images.metro.ca/images/h28/h08/9894804455454.jpg,https://www.metro.ca/en/online-grocery/search-page-186
METROGO!,"Cut Vegetable Mix, Le Campeur",1 tray,"$6.99
 ea.",,$1.82 /100g,,,,https://www.metro.ca/en/online-grocery/search-page-186
METROGO!,"Lemon And Fine Herb Seasoned Cut Vegetable Mix, Le C...",1 tray,"$5.99
 ea.",,$1.41 /100g,,,,https://www.metro.ca/en/online-grocery/search-page-186
IRRESISTIBLES,Sardines With Thai Chili,106 g,"$1.99
 ea.",,$1.88 /100g,"Regular price
$2.29  ea.","Valid until Jan 24, 2024",https://product-images.metro.ca/images/hed/h09/9906542739486.jpg,https://www.metro.ca/en/online-grocery/search-page-186
HEINZ,Tomato Ketchup,750 mL,"$5.99
 ea.",,$0.80 /100ml,"Regular price
$6.79  ea.","Valid until Jan 24, 2024",https://product-images.metro.ca/images/h56/h20/9986946138142.jpg,https://www.metro.ca/en/online-grocery/search-page-186
METROGO!,"Cut Vegetable Mix, Le Plein Air",1 tray,"$5.99
 ea.",,$1.50 /100g,,,,https://www.metro.ca/en/online-grocery/search-page-186
HEINZ,Tomato Ketchup,1 L,"$5.99
 ea.",,$0.60 /100ml,"Regular price
$6.79  ea.","Valid until Jan 24, 2024",https://product-images.metro.ca/images/hec/h14/10455878467614.jpg,https://www.metro.ca/en/online-grocery/search-page-186
SELECTION,Breadsticks And Processed Cheese Snacks,87 g,"$1.99
 ea.",,$2.29 /100g,,,https://product-images.metro.ca/images/ha8/haf/9336508579870.jpg,https://www.metro.ca/en/online-grocery/search-page-186
LA PARISIENNE,Fabric Protection Bleach,1.27 L,"$3.49
 ea.",,$0.27 /100ml,,,https://product-images.metro.ca/images/hb6/hc0/11761648042014.jpg,https://www.metro.ca/en/online-grocery/search-page-186
,Delux Nuts Mix,250 g,"$4.19
 ea.",,$1.68 /100g,,,https://product-images.metro.ca/images/hc4/hf9/10542490550302.jpg,https://www.metro.ca/en/online-grocery/search-page-186
,Dried Roasted Filbert,125 g,"$4.99
 ea.",,$3.99 /100g,,,https://product-images.metro.ca/images/heb/h40/11665529077790.jpg,https://www.metro.ca/en/online-grocery/search-page-186
METROGO!,Chicken Spread Sandwiches Lunch Box,300 g,"$6.99
 ea.",,$2.33 /100g,,,https://product-images.metro.ca/images/he7/h67/9871368716318.jpg,https://www.metro.ca/en/online-grocery/search-page-186
METROGO!,Chicken Spread-Stuffed Rolls Lunch Box,310 g,"$6.99
 ea.",,$2.25 /100g,,,https://product-images.metro.ca/images/h50/h93/11966511480862.jpg,https://www.metro.ca/en/online-grocery/search-page-186
METROGO!,Ham Spread-Stuffed Buns Lunch Box,,"$6.99
 ea.",(425 ea. avg.),$2.25 /100g,,,https://product-images.metro.ca/images/hd5/hbd/11966513119262.jpg,https://www.metro.ca/en/online-grocery/search-page-186
DUBRETON,Appalachian Treasure Organic Dry Sausage,65 g,"$7.49
 ea.",,$11.52 /100g,"Regular price
$7.99  ea.","Valid until Jan 17, 2024",https://product-images.metro.ca/images/h75/h88/11461860589598.jpg,https://www.metro.ca/en/online-grocery/search-page-186
WONDERFUL,Gluten Free Unshelled Lightly Salted Pistachios,170 g,"$8.99
 ea.",,$5.29 /100g,"Regular price
$9.99  ea.","Valid until Jan 10, 2024",https://product-images.metro.ca/images/h38/h1e/10170695319582.jpg,https://www.metro.ca/en/online-grocery/search-page-186
WONDERFUL,No Shells Salt And Vinegar Flavoured Pistachios,155 g,"$8.99
 ea.",,$5.80 /100g,"Regular price
$9.99  ea.","Valid until Jan 10, 2024",https://product-images.metro.ca/images/h6b/h44/10040284020766.jpg,https://www.metro.ca/en/online-grocery/search-page-186
SIMPLY POTATOES,Garlic Mashed Potatoes,680 g,"$8.99
 ea.",,$1.32 /100g,,,https://product-images.metro.ca/images/h1b/h6a/9751237165086.jpg,https://www.metro.ca/en/online-grocery/search-page-186
CRACKER BARREL,Pizza Mozzarella Cheese,400 g,"$7.99
 ea.",,$2.00 /100g,,,https://product-images.metro.ca/images/h7f/h63/12175029731358.jpg,https://www.metro.ca/en/online-grocery/search-page-186
METROGO!,4-Colour Peppers,335 g,"$6.99
 ea.",,$1.86 /100g,,,https://product-images.metro.ca/images/h85/h84/11931034615838.jpg,https://www.metro.ca/en/online-grocery/search-page-186
METROGO!,Grated Green Cabbage,260 g,"$1.49
 ea.",,$0.57 /100g,,,https://product-images.metro.ca/images/hdb/hdb/11122364874782.jpg,https://www.metro.ca/en/online-grocery/search-page-186
FAIRLIFE,2% Chocolate Milk,1.5 L,"$6.29
 ea.",,$0.42 /100ml,,,https://product-images.metro.ca/images/hc1/h9d/10495812173854.jpg,https://www.metro.ca/en/online-grocery/search-page-186
IRRESISTIBLES,In-Shell Salted Dry Roasted Virginia Peanuts,1 kg,"$7.99
 ea.",,$0.80 /100g,,,https://product-images.metro.ca/images/h08/h18/9312782352414.jpg,https://www.metro.ca/en/online-grocery/search-page-186
PERSONNELLE,Moisturizing And Skin Relief Body Lotion With Colloi...,532 mL,"$12.99
 ea.",,$2.44 /100ml,,,,https://www.metro.ca/en/online-grocery/search-page-186
PERSONNELLE,Daily Moisturizing Body Lotion With Colloidal Oatmeal,532 mL,"$12.99
 ea.",,$2.44 /100ml,,,https://product-images.metro.ca/images/h6e/h4f/11521445462046.jpg,https://www.metro.ca/en/online-grocery/search-page-187
PERSONNELLE,Contour Panty Shields,64 un,"$3.99
 ea.",,$0.06 /un.,,,https://product-images.metro.ca/images/h84/hee/9520047980574.jpg,https://www.metro.ca/en/online-grocery/search-page-187
PERSONNELLE,Night Maxi Pads With Wings,28 un,"$6.29
 ea.",,$0.22 /un.,,,https://product-images.metro.ca/images/h10/h50/9520158834718.jpg,https://www.metro.ca/en/online-grocery/search-page-187
PERSONNELLE,5-Blade Razor,1 un,"$10.29
 ea.",,$10.29 /un.,,,https://product-images.metro.ca/images/h9f/h31/10073861259294.jpg,https://www.metro.ca/en/online-grocery/search-page-187
PERSONNELLE,Light Contour Pantiliners,105 un,"$6.29
 ea.",,$0.06 /un.,,,https://product-images.metro.ca/images/h00/h59/10073460178974.jpg,https://www.metro.ca/en/online-grocery/search-page-187
PERSONNELLE,Overnight Maxi Pads With Comfort Tabs,20 un,"$6.29
 ea.",,$0.20 /un.,,,https://product-images.metro.ca/images/h65/he0/10073780092958.jpg,https://www.metro.ca/en/online-grocery/search-page-187
PERSONNELLE,Light Pantiliners,135 un,"$6.29
 ea.",,$0.05 /un.,,,https://product-images.metro.ca/images/he0/he0/10008209784862.jpg,https://www.metro.ca/en/online-grocery/search-page-187
JET PAPIER,3 Plys Multiple Balloons Napkins,20 un,"$1.99
 ea.",,$0.10 /un.,,,https://www.metro.ca/images/shared/placeholders/icon-no-picture.svg?v=2023.71.1.d1,https://www.metro.ca/en/online-grocery/search-page-187
JET PAPIER,3 Plys Pink Dots Napkins,20 un,"$1.99
 ea.",,$0.10 /un.,,,https://www.metro.ca/images/shared/placeholders/icon-no-picture.svg?v=2023.71.1.d1,https://www.metro.ca/en/online-grocery/search-page-187
PERSONNELLE,Size 3 Diapers,144 un,"$29.49
 ea.",,$0.20 /un.,,,https://product-images.metro.ca/images/h4b/h56/11521886748702.jpg,https://www.metro.ca/en/online-grocery/search-page-187
PERSONNELLE,Size 5 Diapers,112 un,"$29.49
 ea.",,$0.26 /un.,,,https://product-images.metro.ca/images/h2f/h83/11521885667358.jpg,https://www.metro.ca/en/online-grocery/search-page-187
PERSONNELLE,Size 4 Diapers,128 un,"$29.49
 ea.",,$0.23 /un.,,,https://product-images.metro.ca/images/hf8/h28/11521892843550.jpg,https://www.metro.ca/en/online-grocery/search-page-187
PERSONNELLE BABY,Unscented Wet Wipes For Sensitive Skin,192 un,"$7.49
 ea.",,$0.04 /un.,"Regular price
$8.99  ea.","Valid until Jan 10, 2024",https://product-images.metro.ca/images/h60/h80/9873081434142.jpg,https://www.metro.ca/en/online-grocery/search-page-187
PERSONNELLE BABY,Unscented Wet Wipes For Sensitive Skin,64 un,"$2.99
 ea.",,$0.05 /un.,"Regular price
$3.99  ea.","Valid until Feb 7, 2024",https://product-images.metro.ca/images/h71/hfa/10041323520030.jpg,https://www.metro.ca/en/online-grocery/search-page-187
PERSONNELLE BABY,Unscented Wet Wipes,448 un,"$15.99
 ea.",,$0.04 /un.,,,https://product-images.metro.ca/images/h48/h79/9873101586462.jpg,https://www.metro.ca/en/online-grocery/search-page-187
PERSONNELLE,Natural Sea Salt,2 kg,"$7.29
 ea.",,$0.36 /100g,,,https://product-images.metro.ca/images/h42/hf1/10073943244830.jpg,https://www.metro.ca/en/online-grocery/search-page-187
CAVENDISH FARMS,Frozen Spiced Potato Wedges,2.27 kg,"$12.00
 ea.",,$0.53 /100g,,,https://product-images.metro.ca/images/hbf/h5c/11761629462558.jpg,https://www.metro.ca/en/online-grocery/search-page-187
CAVENDISH FARMS,"Frozen Hash Brown Waffles, All-Day Breakfast",625 g,"$4.99
 ea.",,$0.80 /100g,,,,https://www.metro.ca/en/online-grocery/search-page-187
CAVENDISH FARMS,Frozen Extra Thin Gourmet Fries,2.25 kg,"$7.49
 ea.",,$0.33 /100g,,,https://product-images.metro.ca/images/hdf/h21/10792091287582.jpg,https://www.metro.ca/en/online-grocery/search-page-187
FRANK'S,"Mild Wing Sauce, RedHot",354 mL,"$5.29
 ea.",,$1.49 /100ml,,,,https://www.metro.ca/en/online-grocery/search-page-187
FRENCH'S,"Yellow Mustard, Creamy",325 mL,"$3.99
 ea.",,$1.23 /100ml,,,,https://www.metro.ca/en/online-grocery/search-page-187
CAVENDISH FARMS,Crispy Tempura Onion Rings,1.5 kg,"$15.00
 ea.",,$1.00 /100g,,,https://product-images.metro.ca/images/h53/hce/11764050198558.jpg,https://www.metro.ca/en/online-grocery/search-page-187
CAVENDISH FARMS,Small Diced Potato,2.72 kg,"$14.00
 ea.",,$0.51 /100g,,,https://product-images.metro.ca/images/h97/hde/11764049608734.jpg,https://www.metro.ca/en/online-grocery/search-page-187
CRUSH,White Cream Soda,2 L,"2 / 
$6.00",,$0.15 /100ml,"Regular price
$3.49  ea.","Valid until Jan 24, 2024",https://product-images.metro.ca/images/h65/h3e/11857683120158.jpg,https://www.metro.ca/en/online-grocery/search-page-187
HERSHEY'S,"Thins Peanut Butter Dark Chocolate Cups, Reese'S",165 g,"$4.99
 ea.",,$3.02 /100g,"Regular price
$6.29  ea.","Valid until Jan 24, 2024",,https://www.metro.ca/en/online-grocery/search-page-187
HERSHEY'S,"Peanut Butter Mini Cups, Reese'S",400 g,"$10.49
 ea.",,$2.62 /100g,,,,https://www.metro.ca/en/online-grocery/search-page-187
CARLING,"Strong Lager Beer, Black Label Dry",12x355 mL - cans,"$17.99
 ea.",,$0.42 /100ml,,,,https://www.metro.ca/en/online-grocery/search-page-187
MOLSON,"Light Lager Beer, Ultra",473 mL - can,"$3.79
 ea.",,$0.80 /100ml,,,,https://www.metro.ca/en/online-grocery/search-page-187
BLUE MOON,"Belgian-Style White Beer, Belgian Moon",4x473 mL,"$13.49
 ea.",,$0.71 /100ml,"Regular price
$15.49  ea.","Valid until Feb 7, 2024",,https://www.metro.ca/en/online-grocery/search-page-187
BLUE MOON,"Light White Beer Brewed With Tangearine Peel, Light Sky",473 mL,"$4.79
 ea.",,$1.01 /100ml,,,,https://www.metro.ca/en/online-grocery/search-page-187
BLUE MOON,"Light White Beer Brewed With Tangearine Peel, Light...",6x355 mL,"$13.49
 ea.",,$0.63 /100ml,"Regular price
$15.49  ea.","Valid until Feb 7, 2024",,https://www.metro.ca/en/online-grocery/search-page-188
MOLSON,"Light Lager Beer, Ultra",6x355 mL - cans,"$14.49
 ea.",,$0.68 /100ml,,,,https://www.metro.ca/en/online-grocery/search-page-188
CARLING,"Strong Lager Beer, Black Label Dry",6x355 mL - cans,"$9.99
 ea.",,$2.81 /100ml,,,,https://www.metro.ca/en/online-grocery/search-page-188
SOL,Mexican Lager Beer,6x330 mL - Bottles,"$13.49
 ea.",,$0.68 /100ml,"Regular price
$15.49  ea.","Valid until Feb 7, 2024",https://product-images.metro.ca/images/h01/h25/10472029356062.jpg,https://www.metro.ca/en/online-grocery/search-page-188
ARIZONA,"Peach Ice Tea Alcoholic Malt Beverage, Hard",473 mL,"$3.49
 ea.",,$0.74 /100ml,,,,https://www.metro.ca/en/online-grocery/search-page-188
ARIZONA,"Lemon Ice Tea Alcoholic Malt Beverage, Hard",473 mL,"$3.49
 ea.",,$0.74 /100ml,,,,https://www.metro.ca/en/online-grocery/search-page-188
SOL,Mexican Lager Beer,24x330 mL - Bottles,"$41.99
 ea.",,$0.53 /100ml,,,https://product-images.metro.ca/images/h9e/h8b/11068890513438.jpg,https://www.metro.ca/en/online-grocery/search-page-188
PERSONNELLE,Silhouette™ Dry Skin Shaving Gel,198 g,"$3.79
 ea.",,$1.91 /100g,,,https://product-images.metro.ca/images/hbc/h42/9243883438110.jpg,https://www.metro.ca/en/online-grocery/search-page-188
CREST,"Regular Toothpaste, Cavity Protection",125 mL,"$2.49
 ea.",,$1.99 /100ml,,,,https://www.metro.ca/en/online-grocery/search-page-188
CREST,"Fresh Mint Flavoured Regular Toothpaste, Tartar Prot...",125 mL,"$2.49
 ea.",,$1.99 /100ml,,,,https://www.metro.ca/en/online-grocery/search-page-188
ORAL-B,"Cool Mint Flavoured Deep Clean Dental Floss, Glide P...",3 un,"$11.99
 ea.",,$4.00 /un.,,,,https://www.metro.ca/en/online-grocery/search-page-188
CREST,Effervescent Mint Flavoured Deep Clean Whitening Too...,120 mL,"$5.49
 ea.",,$4.57 /100ml,,,,https://www.metro.ca/en/online-grocery/search-page-188
CREST,"Cool Peppermint Whitening Toothpaste With Scope®, Co...",120 mL,"$5.49
 ea.",,$4.57 /100ml,,,,https://www.metro.ca/en/online-grocery/search-page-188
CREST,Minty Fresh Flavoured Whitening Toothpaste With Scop...,120 mL,"$5.49
 ea.",,$4.57 /100ml,,,,https://www.metro.ca/en/online-grocery/search-page-188
CREST,"Clean Mint Flavoured Extra Whitening Toothpaste, Com...",120 mL,"$5.49
 ea.",,$4.57 /100ml,,,,https://www.metro.ca/en/online-grocery/search-page-188
NIVEA,Biodegradable 3 In 1 Face Cleaning Wipes For Normal ...,40 un,"$11.39
 ea.",,$0.28 /un.,,,,https://www.metro.ca/en/online-grocery/search-page-188
GADOUA,"Thick-Sliced White Bread With Added Oat Hull Fibre, ...",675 g,"$4.99
 ea.",,$0.74 /100g,,,,https://www.metro.ca/en/online-grocery/search-page-188
GADOUA,"No Sugar Added Thick-Sliced White Bread, Moelleux",675 g,"$4.99
 ea.",,$0.74 /100g,,,,https://www.metro.ca/en/online-grocery/search-page-188
GADOUA,"Thick-Sliced Everything Bread, Moelleux",600 g,"$5.99
 ea.",,$1.00 /100g,,,,https://www.metro.ca/en/online-grocery/search-page-188
NICOLAS LALOUX,White Sangria,1 L,"$8.49
 ea.",,$0.85 /100ml,,,https://product-images.metro.ca/images/h2d/hae/11477945810974.jpg,https://www.metro.ca/en/online-grocery/search-page-188
NICOLAS LALOUX,Red Sangria,1 L,"$8.49
 ea.",,$0.85 /100ml,,,https://product-images.metro.ca/images/hae/h71/11521442775070.jpg,https://www.metro.ca/en/online-grocery/search-page-188
WALLAROO TRAIL,"Australian Red Wine, BIN 929",1 L,"$13.99
 ea.",,$1.87 /100ml,"Regular price
$15.69  ea.","Valid until Feb 7, 2024",,https://www.metro.ca/en/online-grocery/search-page-188
SVELTE,Partially Dealcoholized Red Wine,750 mL,"$12.29
 ea.",,$1.64 /100ml,"Regular price
$13.69  ea.","Valid until Feb 7, 2024",https://product-images.metro.ca/images/hea/hd9/10529621901342.jpg,https://www.metro.ca/en/online-grocery/search-page-188
BÙ,Canadian Sparkling Wine With Icewine,750 mL,"$19.79
 ea.",,$2.64 /100ml,,,https://product-images.metro.ca/images/h5f/h6f/11521620639774.jpg,https://www.metro.ca/en/online-grocery/search-page-188
WALLAROO TRAIL,"Australian White Wine, BIN 101",1 L,"$13.99
 ea.",,$1.40 /100ml,"Regular price
$15.69  ea.","Valid until Feb 7, 2024",,https://www.metro.ca/en/online-grocery/search-page-188
REVOLUTION,American Red Wine,750 mL,"$11.99
 ea.",,$1.60 /100ml,,,https://product-images.metro.ca/images/h91/hcf/10399748849694.jpg,https://www.metro.ca/en/online-grocery/search-page-188
REVOLUTION,American White Wine,750 mL,"$11.99
 ea.",,$1.60 /100ml,,,https://product-images.metro.ca/images/h29/h27/10399750422558.jpg,https://www.metro.ca/en/online-grocery/search-page-188
NICOLAS LALOUX,Rosé Sangria,1 L,"$8.49
 ea.",,$0.85 /100ml,,,https://product-images.metro.ca/images/hba/h07/11478024454174.jpg,https://www.metro.ca/en/online-grocery/search-page-188
SVELTE,Rosé Sangria Flavoured Wine Beverage,750 mL,"$9.49
 ea.",,$1.27 /100ml,,,https://product-images.metro.ca/images/h64/hfa/11521658748958.jpg,https://www.metro.ca/en/online-grocery/search-page-188
WALLAROO TRAIL,"Australian Red Wine, Skip",1 L,"$13.99
 ea.",,$1.40 /100ml,"Regular price
$15.69  ea.","Valid until Feb 7, 2024",,https://www.metro.ca/en/online-grocery/search-page-188
WALLAROO TRAIL,"Australian White Wine, Skip",1 L,"$13.99
 ea.",,$1.40 /100ml,"Regular price
$15.69  ea.","Valid until Feb 7, 2024",,https://www.metro.ca/en/online-grocery/search-page-189
MOOD,American White Wine,750 mL,"$13.49
 ea.",,$1.80 /100ml,"Regular price
$14.79  ea.","Valid until Feb 7, 2024",https://product-images.metro.ca/images/h4e/heb/11541266890782.jpg,https://www.metro.ca/en/online-grocery/search-page-189
MOOD,American Red Wine,750 mL,"$13.49
 ea.",,$1.80 /100ml,"Regular price
$14.79  ea.","Valid until Feb 7, 2024",https://product-images.metro.ca/images/h0d/ha3/11541264400414.jpg,https://www.metro.ca/en/online-grocery/search-page-189
MOOD,French Rosé Wine,750 mL,"$13.49
 ea.",,$1.80 /100ml,"Regular price
$14.79  ea.","Valid until Feb 7, 2024",https://product-images.metro.ca/images/haa/hf8/11541265907742.jpg,https://www.metro.ca/en/online-grocery/search-page-189
MOOD,French White Wine,750 mL,"$13.49
 ea.",,$1.80 /100ml,"Regular price
$14.79  ea.","Valid until Feb 7, 2024",https://product-images.metro.ca/images/h54/h7a/11541264498718.jpg,https://www.metro.ca/en/online-grocery/search-page-189
MOOD,French Red Wine,750 mL,"$13.49
 ea.",,$1.80 /100ml,"Regular price
$14.79  ea.","Valid until Feb 7, 2024",https://product-images.metro.ca/images/h14/h4d/11541268332574.jpg,https://www.metro.ca/en/online-grocery/search-page-189
SVELTE,"Partially Dealcoholized Canadian White Wine, La Cuvée",750 mL,"$14.29
 ea.",,$1.91 /100ml,,,,https://www.metro.ca/en/online-grocery/search-page-189
MOOD,Canadian Sparkling Wine,750 mL,"$14.79
 ea.",,$1.97 /100ml,"Regular price
$15.99  ea.","Valid until Feb 7, 2024",https://product-images.metro.ca/images/h5a/hd6/11541268594718.jpg,https://www.metro.ca/en/online-grocery/search-page-189
WALLAROO TRAIL,"Australian Rosé Wine, Skip",1 L,"$13.99
 ea.",,$1.40 /100ml,"Regular price
$15.69  ea.","Valid until Feb 7, 2024",,https://www.metro.ca/en/online-grocery/search-page-189
NOBLE PÉPIN,Carbonated Brut Cider,4x355 mL,"$13.79
 ea.",,$0.97 /100ml,,,https://product-images.metro.ca/images/h1f/hd6/10530089435166.jpg,https://www.metro.ca/en/online-grocery/search-page-189
NICOLAS LALOUX,"White Peach Flavoured Wine Beverage, Spritzer",4x355 mL,"$13.99
 ea.",,$0.99 /100ml,,,,https://www.metro.ca/en/online-grocery/search-page-189
FLAMINGOO TRAIL,Argentinian White Wine,1 L,"$14.29
 ea.",,$1.43 /100ml,,,https://product-images.metro.ca/images/hd3/h39/11157770043422.jpg,https://www.metro.ca/en/online-grocery/search-page-189
FLAMINGOO TRAIL,Argentinian Red Wine,1 L,"$14.29
 ea.",,$1.43 /100ml,,,https://product-images.metro.ca/images/h98/h6e/11157773156382.jpg,https://www.metro.ca/en/online-grocery/search-page-189
TAUROO TRAIL,Spanish White Wine,1 L,"$11.99
 ea.",,$1.20 /100ml,"Regular price
$13.49  ea.","Valid until Feb 7, 2024",https://product-images.metro.ca/images/hd3/h22/11157770895390.jpg,https://www.metro.ca/en/online-grocery/search-page-189
TAUROO TRAIL,Spanish Red Wine,1 L,"$11.99
 ea.",,$1.20 /100ml,"Regular price
$13.49  ea.","Valid until Feb 7, 2024",https://product-images.metro.ca/images/h94/h60/11157771321374.jpg,https://www.metro.ca/en/online-grocery/search-page-189
MAISON LADORE,American White Wine,750 mL,"$17.29
 ea.",,$2.31 /100ml,,,https://product-images.metro.ca/images/h2e/h00/11157773647902.jpg,https://www.metro.ca/en/online-grocery/search-page-189
MAISON LADORE,American Red Wine,750 mL,"$17.29
 ea.",,$2.31 /100ml,,,https://product-images.metro.ca/images/h90/hd7/11157774532638.jpg,https://www.metro.ca/en/online-grocery/search-page-189
NICOLAS LALOUX,Mango And Dragon Fruit Rosé Wine Beverage,1 L,"$10.99
 ea.",,$1.10 /100ml,,,https://product-images.metro.ca/images/he3/hd6/11478189703198.jpg,https://www.metro.ca/en/online-grocery/search-page-189
MAISON LADORE,Portuguese White Wine,750 mL,"$15.29
 ea.",,$2.04 /100ml,"Regular price
$17.29  ea.","Valid until Feb 7, 2024",https://product-images.metro.ca/images/ha3/ha4/12171920965662.jpg,https://www.metro.ca/en/online-grocery/search-page-189
MAISON LADORE,Portuguese Red Wine,750 mL,"$15.29
 ea.",,$2.04 /100ml,"Regular price
$17.29  ea.","Valid until Feb 7, 2024",https://product-images.metro.ca/images/h73/hee/11916976324638.jpg,https://www.metro.ca/en/online-grocery/search-page-189
MORGAN HILL,New Zealand White Wine,750 mL,"$18.29
 ea.",,$2.44 /100ml,"Regular price
$19.99  ea.","Valid until Feb 7, 2024",https://product-images.metro.ca/images/h75/h60/12066641149982.jpg,https://www.metro.ca/en/online-grocery/search-page-189
SECRET,"Completely Clean Gel Antiperspirant And Deodorant, O...",73 g,"$8.49
 ea.",,$11.63 /100g,,,,https://www.metro.ca/en/online-grocery/search-page-189
SECRET,"Unscented Gel Antiperspirant And Deodorant, Outlast",73 g,"$8.49
 ea.",,$11.63 /100g,,,,https://www.metro.ca/en/online-grocery/search-page-189
OLAY,Ultra Moisture Body Wash With Avocado Oil And B3 Com...,364 mL,"$7.49
 ea.",,$2.06 /100ml,,,,https://www.metro.ca/en/online-grocery/search-page-189
HEAD & SHOULDERS,"Anti-Dandruff Conditioner, Classic Clean",325 mL,"$6.99
 ea.",,$2.15 /100ml,,,,https://www.metro.ca/en/online-grocery/search-page-189
HEAD & SHOULDERS,"Dry Scalp Care Dandruff Conditioner, Dry Scalp Care",325 mL,"$6.99
 ea.",,$2.15 /100ml,,,,https://www.metro.ca/en/online-grocery/search-page-189
DAWN,"Fresh Scented Dish Spray, Powerwash",473 mL,"$7.99
 ea.",,$1.69 /100ml,,,,https://www.metro.ca/en/online-grocery/search-page-189
MR. CLEAN,"Lavender Scented Bathroom Cleaning Pads, Magic Eraser",2 un,"$5.29
 ea.",,$2.65 /un.,,,,https://www.metro.ca/en/online-grocery/search-page-189
ALWAYS,"Regular Ultra Thin Pads, Ultra Thin",44 un,"$10.49
 ea.",,$0.24 /un.,,,,https://www.metro.ca/en/online-grocery/search-page-189
TIDE,HE Liquid Laundry Detergent With Oxi®,100 loads - 4.55 L,"$26.99
 ea.",,$0.59 /100ml,,,https://product-images.metro.ca/images/h7e/h79/10841574440990.jpg,https://www.metro.ca/en/online-grocery/search-page-189
MR.CLEAN,Summer Citrus® Scented Multi-Purpose Cleaner,3.8 L,"$14.79
 ea.",,$0.39 /100ml,,,https://product-images.metro.ca/images/hd2/h85/10823433420830.jpg,https://www.metro.ca/en/online-grocery/search-page-190
SUSHI CHEF,Japanese Sesame Oil,148 mL,"$7.79
 ea.",,$5.26 /100ml,,,https://product-images.metro.ca/images/h54/h93/10823400816670.jpg,https://www.metro.ca/en/online-grocery/search-page-190
SUSHI CHEF,Panko Bread Crumbs,227 g,"$7.99
 ea.",,$3.52 /100g,,,https://product-images.metro.ca/images/hcc/hd4/11244102385694.jpg,https://www.metro.ca/en/online-grocery/search-page-190
SUSHI CHEF,Pickled Ginger,177 mL,"$8.29
 ea.",,$4.68 /100ml,,,https://product-images.metro.ca/images/h99/h84/10823394099230.jpg,https://www.metro.ca/en/online-grocery/search-page-190
SUSHI CHEF,Red Miso Soup,15 g,"$3.69
 ea.",,$24.60 /100g,,,https://product-images.metro.ca/images/h7d/h0d/10845281058846.jpg,https://www.metro.ca/en/online-grocery/search-page-190
SUSHI CHEF,White Miso Soup,14 g,"$3.69
 ea.",,$26.36 /100g,,,https://product-images.metro.ca/images/hdd/h26/10845295214622.jpg,https://www.metro.ca/en/online-grocery/search-page-190
KNORR,Beef Boullion,160 g,"$7.49
 ea.",,$4.68 /100g,,,https://product-images.metro.ca/images/h10/hb3/11522053111838.jpg,https://www.metro.ca/en/online-grocery/search-page-190
KNORR,Chicken Bouillon,160 g,"$7.49
 ea.",,$4.68 /100g,,,https://product-images.metro.ca/images/he3/hb2/11351756931102.jpg,https://www.metro.ca/en/online-grocery/search-page-190
KNORR,Roasted Garlic Bouillon,160 g,"$7.49
 ea.",,$4.68 /100g,,,https://product-images.metro.ca/images/hce/hff/11351755915294.jpg,https://www.metro.ca/en/online-grocery/search-page-190
LISTERINE,"Antiseptic Mouthwash, Fresh Burst",1.5 L,"$10.99
 ea.",,$0.73 /100ml,,,,https://www.metro.ca/en/online-grocery/search-page-190
OFF THE EATEN PATH,"Rosemary & Olive Oil Chickpea And Rice Crisps, Hummu...",149 g,"$5.49
 ea.",,$3.68 /100g,,,,https://www.metro.ca/en/online-grocery/search-page-190
MUNCHOS,Original Potato Crisps,195 g,"$4.79
 ea.",,$2.46 /100g,,,https://product-images.metro.ca/images/h87/h8f/11064034918430.jpg,https://www.metro.ca/en/online-grocery/search-page-190
OFF THE EATEN PATH,Chickpea Crisps With Purple Sweet Potato,177 g,"$5.49
 ea.",,$3.10 /100g,,,https://product-images.metro.ca/images/hfa/h3a/11064037703710.jpg,https://www.metro.ca/en/online-grocery/search-page-190
CEDAR,Garland Izmir Fig,200 g,"$2.99
 ea.",,$1.50 /100g,,,https://product-images.metro.ca/images/hca/hac/9647238905886.jpg,https://www.metro.ca/en/online-grocery/search-page-190
CEDAR,Sweet Rice,907 g,"$4.49
 ea.",,$0.50 /100g,"Regular price
$5.49  ea.","Valid until Jan 24, 2024",https://product-images.metro.ca/images/h8b/hde/9394568757278.jpg,https://www.metro.ca/en/online-grocery/search-page-190
FERRERO,"Milk Hazelnut Chocolate Bar, Rocher",90 g,"$3.49
 ea.",,$3.88 /100g,"Regular price
$3.99  ea.","Valid until Jan 24, 2024",,https://www.metro.ca/en/online-grocery/search-page-190
FERRERO,"Dark Hazelnut Chocolate Bar, Rocher",90 g,"$3.49
 ea.",,$3.88 /100g,"Regular price
$3.99  ea.","Valid until Jan 24, 2024",,https://www.metro.ca/en/online-grocery/search-page-190
FERRERO,"Dark Hazelnut And Salted Caramel Chocolate Bar, Rocher",90 g,"$3.49
 ea.",,$3.88 /100g,"Regular price
$3.99  ea.","Valid until Jan 24, 2024",,https://www.metro.ca/en/online-grocery/search-page-190
TIC TAC,Strawberries And Cream Flavoured Mints,29 g,"$1.99
 ea.",,$6.86 /100g,,,https://www.metro.ca/images/shared/placeholders/icon-no-picture.svg?v=2023.71.1.d1,https://www.metro.ca/en/online-grocery/search-page-190
BON MATIN,Sliced Oat Bread,600 g,"$5.29
 ea.",,$0.88 /100g,,,https://product-images.metro.ca/images/h68/ha9/10304071368734.jpg,https://www.metro.ca/en/online-grocery/search-page-190
BON MATIN,"100% Whole Wheat Bread, No Sugar, No Fat Added",600 g,"2 / 
$8.88",,or $5.09 ea. $0.74 /100g,,"Valid until Jan 10, 2024",,https://www.metro.ca/en/online-grocery/search-page-190
BON MATIN,Multigrain Smooth Bread,600 g,"2 / 
$8.88",,or $5.09 ea. $0.74 /100g,,"Valid until Jan 10, 2024",https://product-images.metro.ca/images/hb8/h7b/11022171930654.jpg,https://www.metro.ca/en/online-grocery/search-page-190
BON MATIN,"Protein Loaf, No Sugar, No Fat Added",600 g,"2 / 
$9.68",,or $5.49 ea. $0.81 /100g,,"Valid until Jan 10, 2024",,https://www.metro.ca/en/online-grocery/search-page-190
ARMSTRONG,Bacon Bits With Mozzarella Shredded Cheese,300 g,"$8.99
 ea.",,$3.00 /100g,"Regular price
$9.79  ea.","Valid until Feb 14, 2024",https://product-images.metro.ca/images/h36/h83/11937248837662.jpg,https://www.metro.ca/en/online-grocery/search-page-190
CADBURY,"Oreo Cookie Bits And Vanilla Creme Chocolate Bar, Da...",95 g,"$2.99
 ea.",,$3.15 /100g,"Regular price
$3.49  ea.","Valid until Jan 24, 2024",,https://www.metro.ca/en/online-grocery/search-page-190
PILAROS,Sea Salt Kalamata Olives,500 mL,"$5.49
 ea.",,$1.10 /100ml,,,https://product-images.metro.ca/images/h26/hfc/11665526325278.jpg,https://www.metro.ca/en/online-grocery/search-page-190
CADBURY,"Creamy Salted Caramel Milk Chocolate Bar, Dairy Milk",100 g,"$2.99
 ea.",,$2.99 /100g,"Regular price
$3.49  ea.","Valid until Jan 24, 2024",,https://www.metro.ca/en/online-grocery/search-page-190
DIANA,Halves Apricots In A Light Syrup,720 mL,"$6.49
 ea.",,$0.90 /100ml,,,https://product-images.metro.ca/images/hb0/hca/10231274340382.jpg,https://www.metro.ca/en/online-grocery/search-page-190
RAINCOAST CRISPS,Blueberry And Almond Crackers,150 g,"$5.99
 ea.",,$3.99 /100g,"Regular price
$7.99  ea.","Valid until Jan 24, 2024",https://product-images.metro.ca/images/hb5/h5a/9883411906590.jpg,https://www.metro.ca/en/online-grocery/search-page-190
CADBURY,"Smooth Vanilla Cream Chocolate Bar, Dairy Milk",100 g,"$2.99
 ea.",,$2.99 /100g,"Regular price
$3.49  ea.","Valid until Jan 24, 2024",,https://www.metro.ca/en/online-grocery/search-page-190
CADBURY,"Milk Chocolate Bar With Mini Egg Candies, Dairy Milk",100 g,"$2.99
 ea.",,$2.99 /100g,"Regular price
$3.49  ea.","Valid until Jan 24, 2024",,https://www.metro.ca/en/online-grocery/search-page-191
CADBURY,"Salted Caramel Chocolate, Caramilk",100 g,"$2.99
 ea.",,$2.99 /100g,"Regular price
$3.49  ea.","Valid until Jan 24, 2024",,https://www.metro.ca/en/online-grocery/search-page-191
CADBURY,"Caramel Filled Mini Chocolate Bars, Caramilk",147 g,"$4.49
 ea.",,$3.05 /100g,"Regular price
$5.29  ea.","Valid until Jan 24, 2024",,https://www.metro.ca/en/online-grocery/search-page-191
LESLEY STOWE,"Salty Date Crackers, Raincoast Crisps",150 g,"$5.99
 ea.",,$3.99 /100g,"Regular price
$7.99  ea.","Valid until Jan 24, 2024",,https://www.metro.ca/en/online-grocery/search-page-191
RAINCOAST CRISPS,Rosemary And Raisin Crackers,150 g,"$5.99
 ea.",,$3.99 /100g,"Regular price
$7.99  ea.","Valid until Jan 24, 2024",https://product-images.metro.ca/images/h5a/h38/12007310458910.jpg,https://www.metro.ca/en/online-grocery/search-page-191
D'AUCY,Ratatouille,398 mL,"$3.99
 ea.",,$1.00 /100ml,,,https://product-images.metro.ca/images/h90/hea/11714322464798.jpg,https://www.metro.ca/en/online-grocery/search-page-191
WOOLWICH,Crumbled Feta Goat Cheese,175 g,"$7.79
 ea.",,$4.45 /100g,,,https://product-images.metro.ca/images/h55/hd2/12258054668318.jpg,https://www.metro.ca/en/online-grocery/search-page-191
D'AUCY,Chopped Spinach,398 mL,"$3.79
 ea.",,$0.95 /100ml,,,https://product-images.metro.ca/images/he3/hc5/11714345304094.jpg,https://www.metro.ca/en/online-grocery/search-page-191
HIGH LINER,Frozen Breaded Fish Wings,454 g,"$9.99
 ea.",,$2.20 /100g,"Regular price
$12.99  ea.","Valid until Jan 17, 2024",https://product-images.metro.ca/images/h81/hdb/9523576242206.jpg,https://www.metro.ca/en/online-grocery/search-page-191
HIGH LINER,Frozen Lemon Peppercorn Seasoned Breaded Pollock Fil...,500 g,"$8.99
 ea.",,$1.80 /100g,"Regular price
$12.99  ea.","Valid until Jan 17, 2024",,https://www.metro.ca/en/online-grocery/search-page-191
HIGH LINER,Frozen Roasted Garlic And Herb Seasoned Breaded Poll...,500 g,"$8.99
 ea.",,$1.80 /100g,"Regular price
$12.99  ea.","Valid until Jan 17, 2024",,https://www.metro.ca/en/online-grocery/search-page-191
HIGH LINER,Buffalo Style Shrimp,510 g,"$17.99
 ea.",,$3.53 /100g,,,https://product-images.metro.ca/images/h5a/h05/11205099061278.jpg,https://www.metro.ca/en/online-grocery/search-page-191
HIGH LINER,"Beer Battered Wild Caught Haddock Fillets, Signature...",425 g,"$18.99
 ea.",,$4.47 /100g,,,,https://www.metro.ca/en/online-grocery/search-page-191
MICHELOB ULTRA,Light Lager Beer,473 mL - can,"$3.99
 ea.",,$0.84 /100ml,,,https://product-images.metro.ca/images/h99/h3e/10768788062238.jpg,https://www.metro.ca/en/online-grocery/search-page-191
CANADA DRY,Tonic Water,4x237 mL,"$8.49
 ea.",,$0.90 /100ml,,,https://product-images.metro.ca/images/h07/h36/9634096709662.jpg,https://www.metro.ca/en/online-grocery/search-page-191
CANADA DRY,Ginger Beer,4x237 mL,"$8.49
 ea.",,$0.90 /100ml,,,https://product-images.metro.ca/images/h32/h92/9634111520798.jpg,https://www.metro.ca/en/online-grocery/search-page-191
CANADA DRY,Ginger Ale,4x237 mL,"$8.49
 ea.",,$0.90 /100ml,,,https://product-images.metro.ca/images/hd2/h69/9634118434846.jpg,https://www.metro.ca/en/online-grocery/search-page-191
TIM HORTONS,"Hot Chocolate Flavoured Coffee Pods, Keurig",10 un,"$12.29
 ea.",,$1.23 /un.,,,,https://www.metro.ca/en/online-grocery/search-page-191
TIM HORTONS,"French Vanilla Cappuccino K-Cup® Coffee Pods, Keurig",10 un,"$12.29
 ea.",,$1.23 /un.,,,,https://www.metro.ca/en/online-grocery/search-page-191
TIM HORTONS,"Dark Roast K-Cup® Coffee Pods, Keurig",48 un,"$34.99
 ea.",,$0.73 /un.,,,,https://www.metro.ca/en/online-grocery/search-page-191
TIM HORTONS,"K-Cup® Capuccino Coffee Pods, Keurig",30 un,"$23.99
 ea.",,$0.80 /un.,,,,https://www.metro.ca/en/online-grocery/search-page-191
TIM HORTONS,Maple Flavoured Ground Coffee,300 g,"$10.49
 ea.",,$3.50 /100g,,,https://product-images.metro.ca/images/h01/h83/11272771174430.jpg,https://www.metro.ca/en/online-grocery/search-page-191
TIM HORTONS,"Bright Espresso Coffee Pods, Nespresso",10 cp,"$7.49
 ea.",,$0.75 /un.,,,,https://www.metro.ca/en/online-grocery/search-page-191
TIM HORTONS,"Decaf Espresso Coffee Pods, Nespresso",10 cp,"$7.49
 ea.",,$0.75 /un.,,,,https://www.metro.ca/en/online-grocery/search-page-191
TIM HORTONS,"Classic Lungo Coffee Pods, Nespresso",10 cp,"$7.49
 ea.",,$0.75 /un.,,,,https://www.metro.ca/en/online-grocery/search-page-191
TIM HORTONS,"Bold Espresso Coffee Pods, Nespresso",10 cp,"$7.49
 ea.",,$0.75 /un.,,,,https://www.metro.ca/en/online-grocery/search-page-191
DARE,"Goglu Cookies, Tradition",575 g,"$5.99
 ea.",,$1.04 /100g,,,,https://www.metro.ca/en/online-grocery/search-page-191
SAPUTO,"Shredded Pizza Mozzarella Cheese, Mozzarellissima",1 kg,"$19.99
 ea.",,$2.00 /100kg,,,,https://www.metro.ca/en/online-grocery/search-page-191
SAPUTO,Lactose Free Mozzarella Cheese,500 g,"$10.29
 ea.",,$2.06 /100g,,,https://product-images.metro.ca/images/h91/h37/11384428199966.jpg,https://www.metro.ca/en/online-grocery/search-page-191
DARE,"Chocolate Sandwich Cookies, Bear Paws",168 g,"$4.69
 ea.",,$2.79 /100g,,,,https://www.metro.ca/en/online-grocery/search-page-191
DARE,"Vanilla Sandwich Cookies, Bear Paws",168 g,"$4.69
 ea.",,$2.79 /100g,,,,https://www.metro.ca/en/online-grocery/search-page-192
CAMPBELL'S,Cauliflower Cream,284 mL,"$2.29
 ea.",,$0.81 /100ml,"Regular price
$2.99  ea.","Valid until Jan 24, 2024",https://product-images.metro.ca/images/h78/he0/9523573129246.jpg,https://www.metro.ca/en/online-grocery/search-page-192
DARE,"Minis Confetti Brownie Soft Cookies, Bear Paws",210 g,"$4.69
 ea.",,$2.23 /100g,,,,https://www.metro.ca/en/online-grocery/search-page-192
DARE,"Milk Chocolate Covered Marshmallow Caramel Cookies, ...",230 g,"$4.49
 ea.",,$1.95 /100g,,,,https://www.metro.ca/en/online-grocery/search-page-192
CAMPBELL'S,Concentrated Vegetable Broth,250 mL,"$2.99
 ea.",,$1.20 /100ml,,,https://product-images.metro.ca/images/hc4/h7b/11693873594398.jpg,https://www.metro.ca/en/online-grocery/search-page-192
CAMPBELL'S,Concentrated Chicken Broth,250 mL,"$2.99
 ea.",,$1.20 /100ml,,,https://product-images.metro.ca/images/ha1/h86/11693868908574.jpg,https://www.metro.ca/en/online-grocery/search-page-192
CAMPBELL'S,Concentrated Beef Broth,250 mL,"$2.99
 ea.",,$1.20 /100ml,,,https://product-images.metro.ca/images/h15/hab/11693870383134.jpg,https://www.metro.ca/en/online-grocery/search-page-192
DARE,"Petit Beurre Biscuits, Tradition",525 g,"$5.99
 ea.",,$1.14 /100g,,,,https://www.metro.ca/en/online-grocery/search-page-192
DARE,"Social Tea Cookies, Tradition",555 g,"$5.99
 ea.",,$1.08 /100g,,,,https://www.metro.ca/en/online-grocery/search-page-192
DARE,"Village Cookies, Tradition",555 g,"$5.99
 ea.",,$1.12 /100g,,,,https://www.metro.ca/en/online-grocery/search-page-192
CAMPBELL'S,Soy And Garlic Ginger Stock,500 mL,"$2.99
 ea.",,$0.60 /100ml,"Regular price
$4.69  ea.","Valid until Jan 24, 2024",https://product-images.metro.ca/images/ha0/h2c/12175269953566.jpg,https://www.metro.ca/en/online-grocery/search-page-192
CAMPBELL'S,Beef And Onion Stock,500 mL,"$2.99
 ea.",,$0.60 /100ml,"Regular price
$4.69  ea.","Valid until Jan 24, 2024",https://product-images.metro.ca/images/hc0/h31/12175266971678.jpg,https://www.metro.ca/en/online-grocery/search-page-192
CAMPBELL'S,Herbed And Spices Chicken Stock,500 mL,"$2.99
 ea.",,$0.60 /100ml,"Regular price
$4.69  ea.","Valid until Jan 24, 2024",https://product-images.metro.ca/images/hda/h1e/12175270707230.jpg,https://www.metro.ca/en/online-grocery/search-page-192
DARE,"Chocolate And Coconut Milk Cookie, Whippet",230 g,"$4.49
 ea.",,$1.95 /100g,,,,https://www.metro.ca/en/online-grocery/search-page-192
DARE,"Maple Flavoured Cookies, Bear Paws",240 g,"$4.69
 ea.",,$1.95 /100g,,,,https://www.metro.ca/en/online-grocery/search-page-192
CAMPBELL'S,Tomato Soup,4x284 mL,"$8.49
 ea.",,$0.75 /100ml,,,https://product-images.metro.ca/images/hb9/h71/11392986841118.jpg,https://www.metro.ca/en/online-grocery/search-page-192
CAMPBELL'S,"Spicy Chicken Noodle Ready To Serve Soup, Chunky",515 mL,"$4.99
 ea.",,$0.97 /100ml,,,,https://www.metro.ca/en/online-grocery/search-page-192
MÈRE MICHEL,Frozen Chicken Pot Pie,190 g,"$2.49
 ea.",,$1.31 /100g,"Regular price
$2.79  ea.","Valid until Jan 17, 2024",https://product-images.metro.ca/images/h4c/h31/9215685623838.jpg,https://www.metro.ca/en/online-grocery/search-page-192
MAPLE LEAF,"Frozen Breaded Chicken Burgers, Prime",581 g,"$16.99
 ea.",,$2.92 /100g,,,,https://www.metro.ca/en/online-grocery/search-page-192
MAPLE LEAF,"Frozen Chicken Nuggets, Prime",560 g,"$16.99
 ea.",,$3.03 /100g,,,,https://www.metro.ca/en/online-grocery/search-page-192
MAPLE LEAF,Shredded Chicken With BBQ Seasoning,250 g,"$8.99
 ea.",,$3.60 /100g,,,https://product-images.metro.ca/images/hb3/h59/11132313960478.jpg,https://www.metro.ca/en/online-grocery/search-page-192
MÈRE MICHEL,Cooked Smoked Ham,800 g,"$16.99
 ea.",,$2.12 /100g,,,https://product-images.metro.ca/images/h7a/h66/11154129322014.jpg,https://www.metro.ca/en/online-grocery/search-page-192
MAPLE LEAF,Natural Smoked Wieners,375 g,"$9.99
 ea.",,$2.66 /100g,,,https://product-images.metro.ca/images/h0a/hce/11574275080222.jpg,https://www.metro.ca/en/online-grocery/search-page-192
MAPLE LEAF,Cheddar Smoked Wieners,375 g,"$9.99
 ea.",,$2.66 /100g,,,https://product-images.metro.ca/images/h30/h6b/11574276128798.jpg,https://www.metro.ca/en/online-grocery/search-page-192
MÈRE MICHEL,Frozen Beef Pot Pie,190 g,"$2.49
 ea.",,$1.31 /100g,"Regular price
$2.79  ea.","Valid until Jan 17, 2024",https://product-images.metro.ca/images/h98/h26/10822918438942.jpg,https://www.metro.ca/en/online-grocery/search-page-192
MÈRE MICHEL,Frozen Turkey Pot Pie,190 g,"$2.49
 ea.",,$1.31 /100g,"Regular price
$2.79  ea.","Valid until Jan 17, 2024",https://product-images.metro.ca/images/hde/h60/9215721013278.jpg,https://www.metro.ca/en/online-grocery/search-page-192
MAPLE LEAF,Sliced Chicken,250 g,"$8.99
 ea.",,$3.60 /100g,,,https://product-images.metro.ca/images/h24/h25/9761184710686.jpg,https://www.metro.ca/en/online-grocery/search-page-192
MAPLE LEAF,Diced Ham,250 g,"$8.99
 ea.",,$3.60 /100g,,,https://product-images.metro.ca/images/h96/h9f/9685234909214.jpg,https://www.metro.ca/en/online-grocery/search-page-192
MAPLE LEAF,Shredded Chicken,250 g,"$8.99
 ea.",,$3.60 /100g,,,https://product-images.metro.ca/images/h3e/h11/9685232746526.jpg,https://www.metro.ca/en/online-grocery/search-page-192
MAPLE LEAF,"Frozen Chicken Strips, Prime",560 g,"$16.99
 ea.",,$3.03 /100g,,,,https://www.metro.ca/en/online-grocery/search-page-192
SCHNEIDERS,"European Hot Sausage Sticks, Pepperettes",30 g,"$2.19
 ea.",,$7.30 /100g,,,,https://www.metro.ca/en/online-grocery/search-page-193
KRISPY KERNELS,Smoked Almonds,225 g,"$8.49
 ea.",,$3.77 /100g,,,https://product-images.metro.ca/images/hc1/h4b/11133637001246.jpg,https://www.metro.ca/en/online-grocery/search-page-193
KRISPY KERNELS,Chili And Lime Flavoured Peanuts,275 g,"$4.69
 ea.",,$1.71 /100g,,,https://product-images.metro.ca/images/h6f/h76/9685253095454.jpg,https://www.metro.ca/en/online-grocery/search-page-193
KRISPY KERNELS,Salt And Pepper Flavoured Peanuts,275 g,"$4.69
 ea.",,$1.71 /100g,,,https://product-images.metro.ca/images/hb3/h22/9685353431070.jpg,https://www.metro.ca/en/online-grocery/search-page-193
KRISPY KERNELS,Salted Peanuts,275 g,"$4.69
 ea.",,$1.71 /100g,,,https://product-images.metro.ca/images/h61/h03/10767263170590.jpg,https://www.metro.ca/en/online-grocery/search-page-193
KRISPY KERNELS,Honey Roasted Peanuts,275 g,"$4.69
 ea.",,$1.71 /100g,,,https://product-images.metro.ca/images/h0b/he2/11281635573790.jpg,https://www.metro.ca/en/online-grocery/search-page-193
KRISPY KERNELS,Sriracha Flavoured Peanuts,275 g,"$4.69
 ea.",,$1.71 /100g,,,https://product-images.metro.ca/images/hc7/h90/9685257355294.jpg,https://www.metro.ca/en/online-grocery/search-page-193
KRISPY KERNELS,Bbq Flavoured Peanuts,275 g,"$4.69
 ea.",,$1.71 /100g,,,https://product-images.metro.ca/images/hd0/h3e/10767263858718.jpg,https://www.metro.ca/en/online-grocery/search-page-193
KRISPY KERNELS,Peanut Lover Mix,230 g,"$5.49
 ea.",,$2.39 /100g,,,https://product-images.metro.ca/images/h55/h58/10246130597918.jpg,https://www.metro.ca/en/online-grocery/search-page-193
KRISPY KERNELS,Rainbow Mix,230 g,"$5.49
 ea.",,$2.39 /100g,,,https://product-images.metro.ca/images/hb1/h99/10246131613726.jpg,https://www.metro.ca/en/online-grocery/search-page-193
NO YOLKS,Extra Broad Egg Noodles,340 g,"$2.99
 ea.",,$0.88 /100g,"Regular price
$3.99  ea.","Valid until Jan 24, 2024",https://product-images.metro.ca/images/hb5/he5/10390871801886.jpg,https://www.metro.ca/en/online-grocery/search-page-193
NO YOLKS,Egg White Pasta Dumplings,340 g,"$2.99
 ea.",,$0.88 /100g,"Regular price
$3.99  ea.","Valid until Jan 24, 2024",https://product-images.metro.ca/images/h79/h32/10390840868894.jpg,https://www.metro.ca/en/online-grocery/search-page-193
LANCIA,Medium Egg Noodles,375 g,"$4.49
 ea.",,$1.20 /100g,,,https://product-images.metro.ca/images/h60/hbf/10486852255774.jpg,https://www.metro.ca/en/online-grocery/search-page-193
LANCIA,Broad Egg Noodles,375 g,"$4.49
 ea.",,$1.20 /100g,,,https://product-images.metro.ca/images/hd5/he9/10486718496798.jpg,https://www.metro.ca/en/online-grocery/search-page-193
KRISPY KERNELS,Choco Twist Mixed Nut,290 g,"$7.49
 ea.",,$2.58 /100g,"Regular price
$8.49  ea.","Valid until Jan 24, 2024",https://product-images.metro.ca/images/hb3/h87/11069021028382.jpg,https://www.metro.ca/en/online-grocery/search-page-193
KRISPY KERNELS,Caramel Twist Mixed Nut,290 g,"$7.49
 ea.",,$2.58 /100g,"Regular price
$8.49  ea.","Valid until Jan 24, 2024",https://product-images.metro.ca/images/h67/h0e/11068983345182.jpg,https://www.metro.ca/en/online-grocery/search-page-193
,Perfect French Fries Potatoes,5 lb,"$5.99
 ea.",,$0.26 /100g,,,https://product-images.metro.ca/images/hba/h36/11511583768606.jpg,https://www.metro.ca/en/online-grocery/search-page-193
,Russet Potatoes,3 lb,"$3.99
 ea.",,$0.29 /100g,,,https://product-images.metro.ca/images/he8/h63/11511592812574.jpg,https://www.metro.ca/en/online-grocery/search-page-193
,Yellow Flesh Red Potatoes,5 lb,"$5.99
 ea.",,$0.26 /100g,,,https://product-images.metro.ca/images/h6d/hb1/11511737057310.jpg,https://www.metro.ca/en/online-grocery/search-page-193
GOLD SEAL,Tomato Sauce Sardine,125 g,"2 / 
$4.00",,$1.60 /100g,"Regular price
$2.29  ea.","Valid until Jan 24, 2024",https://product-images.metro.ca/images/hab/h55/10976107429918.jpg,https://www.metro.ca/en/online-grocery/search-page-193
GOLD SEAL,Mediterranean Mackerel,115 g,"$4.79
 ea.",,$4.17 /100g,,,https://product-images.metro.ca/images/h71/h64/11860768555038.jpg,https://www.metro.ca/en/online-grocery/search-page-193
GOLD SEAL,Lemon And Pepper Flavoured Mackerel,115 g,"$4.79
 ea.",,$4.17 /100g,,,https://product-images.metro.ca/images/ha4/h70/10976436486174.jpg,https://www.metro.ca/en/online-grocery/search-page-193
NATUR-A,Organic Gluten Free Barista Oat Beverage,946 mL,"$3.79
 ea.",,$0.40 /100ml,,,https://product-images.metro.ca/images/h2a/h0d/11754378625054.jpg,https://www.metro.ca/en/online-grocery/search-page-193
CLOVER LEAF,"Tuna With Mediterranean Pasta, Bistro Bowls",170 g,"$4.29
 ea.",,$2.52 /100g,,,,https://www.metro.ca/en/online-grocery/search-page-193
CLOVER LEAF,"Tuna With Mexican Rice, Bistro Bowls",170 g,"$4.29
 ea.",,$2.52 /100g,,,,https://www.metro.ca/en/online-grocery/search-page-193
CLOVER LEAF,"Tuna With Spanish Medley, Bistro Bowls",170 g,"$4.29
 ea.",,$2.52 /100g,,,,https://www.metro.ca/en/online-grocery/search-page-193
SUNRYPE,"Apple Mango Fruit Snak, Fruit To Go",14 g,"5 / 
$3.00",,$4.29 /100g,,,,https://www.metro.ca/en/online-grocery/search-page-193
AVEENO,"Stress Relief Body Lotion, Active Naturals",532 mL,"$16.99
 ea.",,$3.19 /100ml,,,,https://www.metro.ca/en/online-grocery/search-page-193
LISTERINE,"Mint Flavoured Alcohol Free Antiseptic Mouthwash, Sm...",500 mL,"$6.49
 ea.",,$1.30 /100ml,,,,https://www.metro.ca/en/online-grocery/search-page-193
TRE STELLE,Halloumi Cheese,200 g,"$8.29
 ea.",,$4.15 /100g,,,https://product-images.metro.ca/images/h94/h17/10225296998430.jpg,https://www.metro.ca/en/online-grocery/search-page-193
CASTELLO,Velvet Blue Danish Blue Cheese,125 g,"$8.00
 ea.",,$6.40 /100g,,,https://product-images.metro.ca/images/he7/hbf/10465530019870.jpg,https://www.metro.ca/en/online-grocery/search-page-194
HOSTESS,"Salt And Vinegar Potato Sticks, Hickory Sticks",165 g,"$2.25
 ea.",,$1.36 /100g,,,,https://www.metro.ca/en/online-grocery/search-page-194
FRITOS,"Jalapeño Flavoured Corn Chips, Hoops",150 g,"$2.25
 ea.",,$1.50 /100g,,,,https://www.metro.ca/en/online-grocery/search-page-194
FUNYUNS,Onion Flavoured Corn Rings,125 g,"$2.25
 ea.",,$1.80 /100g,,,https://product-images.metro.ca/images/h3d/h99/12245593718814.jpg,https://www.metro.ca/en/online-grocery/search-page-194
CHESTER'S,Cheese Pop Corn,150 g,"$2.25
 ea.",,$1.50 /100g,,,https://product-images.metro.ca/images/h00/h82/12245607022622.jpg,https://www.metro.ca/en/online-grocery/search-page-194
CHESTER'S,Cheese Snack,140 g,"$2.25
 ea.",,$1.61 /100g,,,https://product-images.metro.ca/images/hf3/h6c/12245605515294.jpg,https://www.metro.ca/en/online-grocery/search-page-194
CHESTER'S,Corn Twists Snack,150 g,"$2.25
 ea.",,$1.50 /100g,,,https://product-images.metro.ca/images/h69/hbb/12245589950494.jpg,https://www.metro.ca/en/online-grocery/search-page-194
MUNCHOS,Potato Crisps,130 g,"$2.25
 ea.",,$1.73 /100g,,,https://product-images.metro.ca/images/hfc/h9b/12245606629406.jpg,https://www.metro.ca/en/online-grocery/search-page-194
FRITO-LAY,Classic Mix Variety Pack,1176 g,"$19.99
 ea.",,$1.70 /100g,,,https://product-images.metro.ca/images/hf3/h75/12245618851870.jpg,https://www.metro.ca/en/online-grocery/search-page-194
NUTRI,Large Egg From Free Run Hen,6 un,"$3.79
 ea.",,$0.63 /un.,,,https://product-images.metro.ca/images/h6b/he3/10225638080542.jpg,https://www.metro.ca/en/online-grocery/search-page-194
AURORA,Almond Biscotti,200 g,"$5.99
 ea.",,$3.00 /100g,,,https://product-images.metro.ca/images/h19/hf1/11627649138718.jpg,https://www.metro.ca/en/online-grocery/search-page-194
AURORA,Chocolate Chuncks Cantuccini Bites,200 g,"$5.99
 ea.",,$3.00 /100g,,,https://product-images.metro.ca/images/hd5/hc6/10196587511838.jpg,https://www.metro.ca/en/online-grocery/search-page-194
AURORA,Almonds Cantuccini Bites,200 g,"$5.99
 ea.",,$3.00 /100g,,,https://product-images.metro.ca/images/hee/h33/10203351187486.jpg,https://www.metro.ca/en/online-grocery/search-page-194
ALLESSIA,Chopped Tomatoes,398 mL,"$2.69
 ea.",,$0.68 /100ml,,,https://product-images.metro.ca/images/h92/h89/10300300132382.jpg,https://www.metro.ca/en/online-grocery/search-page-194
AURORA,Lemon And Wildberry Flavoured Biscotti,200 g,"$5.99
 ea.",,$3.00 /100g,,,https://product-images.metro.ca/images/h80/hdd/11627361632286.jpg,https://www.metro.ca/en/online-grocery/search-page-194
ALLESSIA,Whole Peeled Italian Tomatoes,796 mL,"$4.39
 ea.",,$0.55 /100ml,,,https://product-images.metro.ca/images/h45/hdd/10322936299550.jpg,https://www.metro.ca/en/online-grocery/search-page-194
ALLESSIA,Organic Tomato Sauce,720 mL,"$3.99
 ea.",,$0.55 /100ml,,,https://product-images.metro.ca/images/h6d/hbe/10300303540254.jpg,https://www.metro.ca/en/online-grocery/search-page-194
NUTRI,Free Run Hens Medium Brown Eggs,24 un,"$9.49
 ea.",,$0.40 /un.,,,https://product-images.metro.ca/images/hd1/h8e/10711377051678.jpg,https://www.metro.ca/en/online-grocery/search-page-194
CLOVER LEAF,Flaked Sockeye Salmon,142 g,"$4.99
 ea.",,$3.51 /100g,,,https://product-images.metro.ca/images/h06/h4f/11401370730526.jpg,https://www.metro.ca/en/online-grocery/search-page-194
CLOVER LEAF,Flaked Wild Pacific Pink Salmon,142 g,"$3.69
 ea.",,$2.60 /100g,,,https://product-images.metro.ca/images/h43/h7a/11679701401630.jpg,https://www.metro.ca/en/online-grocery/search-page-194
SPONGE TOWELS,"Double Layered Paper Towel, Ultra",12x112 sheets,"$25.49
 ea.",,$2.12 /un.,,,,https://www.metro.ca/en/online-grocery/search-page-194
PILAROS,Sea Salt Green Olives,500 mL,"$4.49
 ea.",,$0.90 /100ml,"Regular price
$4.99  ea.","Valid until Jan 24, 2024",https://product-images.metro.ca/images/h8c/hed/11665526980638.jpg,https://www.metro.ca/en/online-grocery/search-page-194
SPONGE TOWELS,"2-Ply Paper Towel, Ultra Pro",6 un,"$18.99
 ea.",,$3.17 /un.,,,,https://www.metro.ca/en/online-grocery/search-page-194
PILAROS,Lemon Stuffed Green Olives,1 L,"$10.49
 ea.",,$1.05 /100ml,"Regular price
$11.99  ea.","Valid until Jan 24, 2024",https://product-images.metro.ca/images/ha9/ha9/11742211244062.jpg,https://www.metro.ca/en/online-grocery/search-page-194
LABATT,"Strong Lager Beer, Bleue Dry",6x355 mL - cans,"$10.49
 ea.",,$0.49 /100ml,,,,https://www.metro.ca/en/online-grocery/search-page-194
,Oven Baking Potato,1 un,"$4.99
 ea.",,$4.99 /un.,,,https://product-images.metro.ca/images/hc2/hd6/11457803386910.jpg,https://www.metro.ca/en/online-grocery/search-page-194
RUFFLES,"Sea Salt Chips, Simply",227 g,"$5.49
 ea.",,$2.42 /100g,,,,https://www.metro.ca/en/online-grocery/search-page-194
BARE,"Banana Chips, Simply",77 g,"$5.99
 ea.",,$7.78 /100g,,,,https://www.metro.ca/en/online-grocery/search-page-194
BARE,Toasted Coconut Chips,94 g,"$5.99
 ea.",,$6.37 /100g,,,https://product-images.metro.ca/images/hb7/h71/12279457284126.jpg,https://www.metro.ca/en/online-grocery/search-page-194
BARE,Fuji And Red Apple Flavoured Chips,96 g,"$5.99
 ea.",,$6.24 /100g,,,https://product-images.metro.ca/images/ha2/hfb/10509653606430.jpg,https://www.metro.ca/en/online-grocery/search-page-194
CHEETOS,"White Cheddar Flavoured Puffs Snacks, Simply",227 g,"$5.29
 ea.",,$2.33 /100g,,,,https://www.metro.ca/en/online-grocery/search-page-195
GOLDEN DRAGON,All Purpose Black Pepper Sauce,455 mL,"$5.29
 ea.",,$1.16 /100ml,,,https://product-images.metro.ca/images/h4c/hca/11281624629278.jpg,https://www.metro.ca/en/online-grocery/search-page-195
DORA,Classic Strawberry Jam,500 mL,"$5.49
 ea.",,$1.10 /100ml,,,https://product-images.metro.ca/images/ha0/h21/10053848432670.jpg,https://www.metro.ca/en/online-grocery/search-page-195
DORA,25 Cal Classic Strawberry Jam,500 mL,"$5.49
 ea.",,$1.10 /100ml,,,https://product-images.metro.ca/images/hf0/hda/11412611465246.jpg,https://www.metro.ca/en/online-grocery/search-page-195
DORA,Blueberry Flavoured Jam,500 mL,"$5.49
 ea.",,$1.10 /100ml,,,https://product-images.metro.ca/images/h77/h1e/11412637679646.jpg,https://www.metro.ca/en/online-grocery/search-page-195
DORA,Apple Jelly,500 mL,"$5.49
 ea.",,$1.10 /100ml,,,https://product-images.metro.ca/images/hfe/h12/10053869764638.jpg,https://www.metro.ca/en/online-grocery/search-page-195
DORA,Light Raspberry Jam,500 mL,"$5.49
 ea.",,$1.10 /100ml,,,https://product-images.metro.ca/images/hcc/h9d/11412639055902.jpg,https://www.metro.ca/en/online-grocery/search-page-195
DORA,Butter Flavoured Syrup,750 mL,"$5.29
 ea.",,$0.71 /100ml,,,https://product-images.metro.ca/images/hf3/h97/9825125793822.jpg,https://www.metro.ca/en/online-grocery/search-page-195
DORA,Classic Table Syrup,750 mL,"$5.29
 ea.",,$0.71 /100ml,,,https://product-images.metro.ca/images/hff/h57/9634021802014.jpg,https://www.metro.ca/en/online-grocery/search-page-195
DORA,Strawberry And Blueberry Spread,500 mL,"$5.49
 ea.",,$1.10 /100ml,,,https://www.metro.ca/images/shared/placeholders/icon-no-picture.svg?v=2023.71.1.d1,https://www.metro.ca/en/online-grocery/search-page-195
DORA,"Strawberry, Cherry And Raspberry Jam",500 mL,"$5.49
 ea.",,$1.10 /100ml,,,https://product-images.metro.ca/images/h96/h45/11412738637854.jpg,https://www.metro.ca/en/online-grocery/search-page-195
OCEAN'S,Ready-To-Eat Onion And Celery Flavoured Light Tuna W...,95 g,"2 / 
$5.50",,$2.89 /100g,"Regular price
$3.49  ea.","Valid until Jan 24, 2024",,https://www.metro.ca/en/online-grocery/search-page-195
ARM & HAMMER,"Multi-Cat Light Clumping Litter, AbsorbX",3.86 kg,"$18.99
 ea.",,$0.49 /100g,,,,https://www.metro.ca/en/online-grocery/search-page-195
ARM & HAMMER,"Unscented Multi-Cat Clumping Litter, AbsorbX",3.68 kg,"$18.99
 ea.",,$0.49 /100g,,,,https://www.metro.ca/en/online-grocery/search-page-195
LAFLEUR,Uncooked Pork And Maple Sausages,375 g,"$6.29
 ea.",,$1.68 /100g,,,https://product-images.metro.ca/images/h72/ha2/11432859172894.jpg,https://www.metro.ca/en/online-grocery/search-page-195
LAFLEUR,Quebec Pure Pork Uncooked Sausage,375 g,"$6.29
 ea.",,$1.68 /100g,,,https://product-images.metro.ca/images/hdc/h55/11432858026014.jpg,https://www.metro.ca/en/online-grocery/search-page-195
LAFLEUR,Grandma'S Cretons,200 g,"$5.79
 ea.",,$2.90 /100g,,,https://product-images.metro.ca/images/hc0/hb8/10938926333982.jpg,https://www.metro.ca/en/online-grocery/search-page-195
LAFLEUR,Classic Cretons,200 g,"$5.79
 ea.",,$2.90 /100g,,,https://product-images.metro.ca/images/hbc/h44/10938926858270.jpg,https://www.metro.ca/en/online-grocery/search-page-195
LAFLEUR,Grand-Mère Cretons,280 g,"$7.99
 ea.",,$2.85 /100g,,,https://product-images.metro.ca/images/heb/h17/11449763135518.jpg,https://www.metro.ca/en/online-grocery/search-page-195
TRUDEAU MAISON,Citrus Juicer,1 un,"$4.49
 ea.",,$4.49 /un.,,,https://product-images.metro.ca/images/h9d/hed/12084031684638.jpg,https://www.metro.ca/en/online-grocery/search-page-195
TRUDEAU MAISON,Bamboo Tool Kit,1 un,"$5.89
 ea.",,$5.89 /un.,,,https://product-images.metro.ca/images/h07/h42/12084052557854.jpg,https://www.metro.ca/en/online-grocery/search-page-195
TRUDEAU MAISON,Detachable Kitchen Scissor,1 un,"$6.99
 ea.",,$6.99 /un.,,,https://product-images.metro.ca/images/h97/hfd/10246600523806.jpg,https://www.metro.ca/en/online-grocery/search-page-195
TRUDEAU MAISON,Potato Masher,1 un,"$8.99
 ea.",,$8.99 /un.,,,https://product-images.metro.ca/images/hb5/h8a/12084012908574.jpg,https://www.metro.ca/en/online-grocery/search-page-195
TRUDEAU MAISON,Silicone Handle Grip,1 un,"$5.99
 ea.",,$5.99 /un.,,,https://product-images.metro.ca/images/h98/hb2/12084015464478.jpg,https://www.metro.ca/en/online-grocery/search-page-195
TRUDEAU,Bread Pan,1 un,"$16.99
 ea.",,$16.99 /un.,,,https://product-images.metro.ca/images/h0f/hb9/10323547815966.jpg,https://www.metro.ca/en/online-grocery/search-page-195
TRUDEAU,Silicon Muffins Mold,1 un,"$6.99
 ea.",,$6.99 /un.,,,https://product-images.metro.ca/images/h2d/h74/11657487908894.jpg,https://www.metro.ca/en/online-grocery/search-page-195
TRUDEAU,Silicon Mini Muffins Pan,1 un,"$16.99
 ea.",,$16.99 /un.,,,https://product-images.metro.ca/images/h35/hec/10710854074398.jpg,https://www.metro.ca/en/online-grocery/search-page-195
TRUDEAU,Wooden Rolling Pin,1 un,"$12.99
 ea.",,$12.99 /un.,,,https://product-images.metro.ca/images/h69/hba/12084331806750.jpg,https://www.metro.ca/en/online-grocery/search-page-195
TRUDEAU,Silicon Muffins Pan,1 un,"$16.99
 ea.",,$16.99 /un.,,,https://product-images.metro.ca/images/h51/hcc/11657525035038.jpg,https://www.metro.ca/en/online-grocery/search-page-195
TRUDEAU,Silicone Spatula,1 un,"$6.99
 ea.",,$6.99 /un.,,,https://product-images.metro.ca/images/h46/hd1/10323494862878.jpg,https://www.metro.ca/en/online-grocery/search-page-195
TRUDEAU,Confetti Design Silicone Whisk,1 un,"$6.99
 ea.",,$6.99 /un.,,,https://www.metro.ca/images/shared/placeholders/icon-no-picture.svg?v=2023.71.1.d1,https://www.metro.ca/en/online-grocery/search-page-196
TRUDEAU,Chef Knife,1 un,"$9.99
 ea.",,$9.99 /un.,,,https://product-images.metro.ca/images/h13/h19/12084049969182.jpg,https://www.metro.ca/en/online-grocery/search-page-196
TRUDEAU,"Snack And Dip Container, Fuel",1 un,"$3.59
 ea.",,$3.59 /un.,,,,https://www.metro.ca/en/online-grocery/search-page-196
TRUDEAU,"Snack And Dip Container, Fuel",1 un,"$3.59
 ea.",,$3.59 /un.,,,,https://www.metro.ca/en/online-grocery/search-page-196
TRUDEAU,"Granola Yogurt Container, Fuel",1 un,"$10.49
 ea.",,$10.49 /un.,,,,https://www.metro.ca/en/online-grocery/search-page-196
TRUDEAU,Plastic Container For Sandwich,1 un,"$3.99
 ea.",,$3.99 /un.,,,https://product-images.metro.ca/images/h13/h00/11754443210782.jpg,https://www.metro.ca/en/online-grocery/search-page-196
TRUDEAU,"Stainless Steel Food Container, Fuel",1 un,"$13.99
 ea.",,$13.99 /un.,,,,https://www.metro.ca/en/online-grocery/search-page-196
TRUDEAU,"On The Go Salad Container, Fuel",1 un,"$16.99
 ea.",,$16.99 /un.,,,,https://www.metro.ca/en/online-grocery/search-page-196
FUEL,Foldable Ustensile Set,2 un,"$3.99
 ea.",,$2.00 /un.,,,https://www.metro.ca/images/shared/placeholders/icon-no-picture.svg?v=2023.71.1.d1,https://www.metro.ca/en/online-grocery/search-page-196
TRUDEAU,3 Piece Ustensil Set,1 un,"$6.99
 ea.",,$6.99 /un.,,,https://www.metro.ca/images/shared/placeholders/icon-no-picture.svg?v=2023.71.1.d1,https://www.metro.ca/en/online-grocery/search-page-196
KELLOGG'S,"Chocolate Bars, Rice Krispies Squares",198 g,"$5.29
 ea.",,$2.67 /100g,,,,https://www.metro.ca/en/online-grocery/search-page-196
RIVIERA,Shredded Lactose Free Mozzarella Pizza Cheese,360 g,"$8.79
 ea.",,$2.44 /100g,,,https://product-images.metro.ca/images/hb0/h46/10348144132126.jpg,https://www.metro.ca/en/online-grocery/search-page-196
RIVIERA,Pizza Blend Shredded Cheese,360 g,"$8.79
 ea.",,$2.44 /100g,,,https://product-images.metro.ca/images/h21/h80/10389343141918.jpg,https://www.metro.ca/en/online-grocery/search-page-196
RIVIERA,4.9% Strawberry Flavoured Goat Yogurt,4x120 g,"$6.59
 ea.",,$5.49 /100g,,,https://product-images.metro.ca/images/h79/hb6/12152486952990.jpg,https://www.metro.ca/en/online-grocery/search-page-196
RIVIERA,4.9% Vanilla Flavoured Goat Yogurt,4x120 g,"$6.59
 ea.",,$5.49 /100g,,,https://product-images.metro.ca/images/h08/hff/12152492982302.jpg,https://www.metro.ca/en/online-grocery/search-page-196
ST-HUBERT,BBQ Pork Back Ribs,625 g,"$17.99
 ea.",,$2.88 /100g,,,https://product-images.metro.ca/images/h86/heb/10101143568414.jpg,https://www.metro.ca/en/online-grocery/search-page-196
ST-HUBERT,Frozen Classic Millefeuille Cake,500 g,"$11.99
 ea.",,$2.40 /100g,,,https://product-images.metro.ca/images/h21/hd0/10250366156830.jpg,https://www.metro.ca/en/online-grocery/search-page-196
ST-HUBERT,Frozen Sugar Pie,800 g,"$10.49
 ea.",,$1.31 /100g,,,https://product-images.metro.ca/images/h8f/h8e/10250369630238.jpg,https://www.metro.ca/en/online-grocery/search-page-196
ST-HUBERT,Lorraine Quiche,235 g,"$5.29
 ea.",,$2.25 /100g,,,https://product-images.metro.ca/images/hb4/h3c/11754250698782.jpg,https://www.metro.ca/en/online-grocery/search-page-196
ST-HUBERT,Broccoli And Chicken Gratin Pie,235 g,"$5.29
 ea.",,$2.25 /100g,,,https://product-images.metro.ca/images/hb0/ha9/11754250928158.jpg,https://www.metro.ca/en/online-grocery/search-page-196
ST-HUBERT,Thai Sauce,350 mL,"$5.99
 ea.",,$0.86 /100ml,,,https://product-images.metro.ca/images/hba/hba/9847453024286.jpg,https://www.metro.ca/en/online-grocery/search-page-196
ST-HUBERT,Chicken & Ribs Bbq Sauce,350 mL,"$5.99
 ea.",,$1.71 /100ml,,,https://product-images.metro.ca/images/h2d/h17/9847389585438.jpg,https://www.metro.ca/en/online-grocery/search-page-196
ST-HUBERT,Piri-Piri Sauce,350 mL,"$5.99
 ea.",,$0.21 /100ml,,,https://product-images.metro.ca/images/hee/hae/11320006967326.jpg,https://www.metro.ca/en/online-grocery/search-page-196
ST-HUBERT,Frozen Breaded Chicken Nuggets,600 g,"$15.99
 ea.",,$2.67 /100g,,"Valid until Jan 17, 2024",https://product-images.metro.ca/images/h3d/haa/10443322359838.jpg,https://www.metro.ca/en/online-grocery/search-page-196
ST-HUBERT,Breaded Chicken Strips,600 g,"$15.99
 ea.",,$2.67 /100g,,"Valid until Jan 17, 2024",https://product-images.metro.ca/images/h6f/ha6/10454165782558.jpg,https://www.metro.ca/en/online-grocery/search-page-196
ST-HUBERT,Frozen Texan Style Chicken Wings,575 g,"$14.99
 ea.",,$2.61 /100g,"Regular price
$15.99  ea.","Valid until Jan 17, 2024",https://product-images.metro.ca/images/hd4/hf5/10407566114846.jpg,https://www.metro.ca/en/online-grocery/search-page-196
ST-HUBERT,Frozen Piri Piri Spicy Chicken Wings,575 g,"$14.99
 ea.",,$2.61 /100g,"Regular price
$15.99  ea.","Valid until Jan 17, 2024",https://product-images.metro.ca/images/hde/h2d/11154083840030.jpg,https://www.metro.ca/en/online-grocery/search-page-196
ST-HUBERT,Fruity Dipping Sauce,350 mL,"$5.99
 ea.",,$1.71 /100ml,,,https://product-images.metro.ca/images/h2e/h2a/11430734888990.jpg,https://www.metro.ca/en/online-grocery/search-page-196
MAXWELL HOUSE,Original Roast Ground Coffee,300 g,"$6.79
 ea.",,$2.26 /100g,,,https://product-images.metro.ca/images/hcc/h70/9987179839518.jpg,https://www.metro.ca/en/online-grocery/search-page-196
MAXWELL HOUSE,Colombian Ground Coffee,631 g,"$11.99
 ea.",,$1.90 /100g,,,https://product-images.metro.ca/images/hf7/h39/9987182559262.jpg,https://www.metro.ca/en/online-grocery/search-page-196
MAXWELL HOUSE,"House Blend And Morning Blend Coffee T Discs, Tassimo",249 g,"$15.99
 ea.",,$6.42 /100g,,,,https://www.metro.ca/en/online-grocery/search-page-197
GOOD THINS,Barbecue Flavoured Gluten Free Sweet Potato Crackers,100 g,"$4.99
 ea.",,$4.99 /100g,,,https://product-images.metro.ca/images/h7f/h5d/9528333729822.jpg,https://www.metro.ca/en/online-grocery/search-page-197
OREO,Assorted Flavoured Sandwich Cookies,482 g,"$8.99
 ea.",,$1.87 /100g,,,https://product-images.metro.ca/images/h77/h7f/11478043557918.jpg,https://www.metro.ca/en/online-grocery/search-page-197
OREO,Gluten-Free Double Stuffed Chocolate Sandwich Cookies,353 g,"$7.99
 ea.",,$2.26 /100g,,,https://product-images.metro.ca/images/h38/hcb/11320124702750.jpg,https://www.metro.ca/en/online-grocery/search-page-197
LAURA SECORD,Roasted Hazelnuts Milk Chocolate Bar,90 g,"$3.79
 ea.",,$4.21 /100g,,,https://product-images.metro.ca/images/hb7/h6c/10794824138782.jpg,https://www.metro.ca/en/online-grocery/search-page-197
LAURA SECORD,French Mint Milk Chocolate Bar,100 g,"$3.79
 ea.",,$3.79 /100g,,,https://product-images.metro.ca/images/hfb/hdf/11257299140638.jpg,https://www.metro.ca/en/online-grocery/search-page-197
LAURA SECORD,Maple Flavoured Crunchy Bar,100 g,"$3.79
 ea.",,$3.79 /100g,,,https://product-images.metro.ca/images/h71/hec/11257304383518.jpg,https://www.metro.ca/en/online-grocery/search-page-197
PURE PROTEIN,Birthday Cake Flavoured Protein Bar,6x50 g,"$9.99
 ea.",,$3.33 /100g,,,https://product-images.metro.ca/images/haf/h4b/12263461224478.jpg,https://www.metro.ca/en/online-grocery/search-page-197
ZIPLOC,Compostable Sandwich Bags,20 un,"$7.49
 ea.",,$0.37 /un.,,,https://product-images.metro.ca/images/h28/hca/9731966238750.jpg,https://www.metro.ca/en/online-grocery/search-page-197
COCA-COLA,"Soft Drink, Move Edition",500 mL,"$2.99
 ea.",,$0.60 /100ml,,,,https://www.metro.ca/en/online-grocery/search-page-197
BLACK DIAMOND,"Cheddarific Cheese Cheese Sticks, Cheestrings Ficello",336 g,"$8.79
 ea.",,$2.62 /100g,,,,https://www.metro.ca/en/online-grocery/search-page-197
BLACK DIAMOND,"Lactose Free Mozzarella Cheese Stick, Cheestrings Fi...",252 g,"$7.99
 ea.",,$3.17 /100g,"Regular price
$8.79  ea.","Valid until Feb 14, 2024",,https://www.metro.ca/en/online-grocery/search-page-197
CRACKER BARREL,Marble Cheese Snack,3x43 g,"$6.49
 ea.",,$5.03 /100g,,,https://product-images.metro.ca/images/h73/h71/11571002834974.jpg,https://www.metro.ca/en/online-grocery/search-page-197
CRACKER BARREL,Medium Sweet Combo Cheese Snack,3x43 g,"$6.49
 ea.",,$5.03 /100g,,,https://product-images.metro.ca/images/h31/hd7/11571001655326.jpg,https://www.metro.ca/en/online-grocery/search-page-197
CRACKER BARREL,Old Sweet Combo Cheese Snack,3x43 g,"$6.49
 ea.",,$5.03 /100g,,,https://product-images.metro.ca/images/h43/h13/11571002507294.jpg,https://www.metro.ca/en/online-grocery/search-page-197
MAISON ORPHÉE,Fresh Mayonnaise With Oleic Sunflower Oil,440 mL,"$7.49
 ea.",,$1.70 /100ml,"Regular price
$7.99  ea.","Valid until Jan 17, 2024",https://product-images.metro.ca/images/he4/h7c/11461840109598.jpg,https://www.metro.ca/en/online-grocery/search-page-197
MAISON ORPHÉE,Fresh Mayonnaise With Extra Virgin Olive Oil,440 mL,"$7.49
 ea.",,$1.70 /100ml,"Regular price
$7.99  ea.","Valid until Jan 17, 2024",https://product-images.metro.ca/images/hbe/h97/11761593581598.jpg,https://www.metro.ca/en/online-grocery/search-page-197
MAISON ORPHÉE,Peppery Flavoured Extra Virgin Olive Oil,500 mL,"$19.99
 ea.",,$4.00 /100ml,,,https://product-images.metro.ca/images/hc2/h75/10498154102814.jpg,https://www.metro.ca/en/online-grocery/search-page-197
MAISON ORPHÉE,Lemon Flavoured Extra Virgin Olive Oil,250 mL,"$13.99
 ea.",,$5.60 /100ml,,,https://product-images.metro.ca/images/hc0/h4a/10529625571358.jpg,https://www.metro.ca/en/online-grocery/search-page-197
MAISON ORPHÉE,Fruity Green Flavoured Extra Virgin Olive Oil,500 mL,"$19.99
 ea.",,$4.00 /100ml,,,https://product-images.metro.ca/images/h89/hac/10727383924766.jpg,https://www.metro.ca/en/online-grocery/search-page-197
MAISON ORPHÉE,Basil Extra Virgin Olive Oil,250 mL,"$13.99
 ea.",,$5.60 /100ml,,,https://product-images.metro.ca/images/hc1/h01/10509674905630.jpg,https://www.metro.ca/en/online-grocery/search-page-197
MAISON ORPHÉE,Vegan Mayonnaise,440 mL,"$7.49
 ea.",,$1.70 /100ml,"Regular price
$7.99  ea.","Valid until Jan 17, 2024",https://product-images.metro.ca/images/hf5/h39/11461865996318.jpg,https://www.metro.ca/en/online-grocery/search-page-197
MAISON ORPHÉE,"Extra Virgin Olive Oil, Delicate",1.5 L,"$32.49
 ea.",,$2.17 /100ml,,,,https://www.metro.ca/en/online-grocery/search-page-197
MAISON ORPHÉE,Avocado Oil,750 mL,"$19.99
 ea.",,$2.67 /100ml,,,https://product-images.metro.ca/images/hba/h3b/11161991282718.jpg,https://www.metro.ca/en/online-grocery/search-page-197
MAISON ORPHÉE,"Organic Extra Virgin Olive Oil, Delicate",1.5 L,"$38.99
 ea.",,$2.60 /100ml,,,,https://www.metro.ca/en/online-grocery/search-page-197
LONEY'S,Dehydrated Vegetables Broth,400 g,"$6.29
 ea.",,$1.57 /100g,"Regular price
$6.99  ea.","Valid until Jan 24, 2024",https://product-images.metro.ca/images/h9d/h03/12259427614750.jpg,https://www.metro.ca/en/online-grocery/search-page-197
LONEY'S,Dehydrated Pho Broth,400 g,"$6.29
 ea.",,$1.57 /100g,"Regular price
$6.99  ea.","Valid until Jan 24, 2024",https://product-images.metro.ca/images/h0c/h11/12258446114846.jpg,https://www.metro.ca/en/online-grocery/search-page-197
QUE PASA,Organic Yellow Corn Taco Shells,130 g,"$4.69
 ea.",,$3.61 /100g,,,https://product-images.metro.ca/images/h30/h80/10361131761694.jpg,https://www.metro.ca/en/online-grocery/search-page-197
JANES,Frozen Beer Battered Breaded Fish,450 g,"$10.99
 ea.",,$2.44 /100g,"Regular price
$13.99  ea.","Valid until Jan 17, 2024",https://product-images.metro.ca/images/h59/he1/10201592528926.jpg,https://www.metro.ca/en/online-grocery/search-page-197
JANES,Frozen Sweet Honey Garlic Pub Style Chicken Wings,660 g,"$19.99
 ea.",,$3.03 /100g,,,https://product-images.metro.ca/images/h7a/h01/11493239390238.jpg,https://www.metro.ca/en/online-grocery/search-page-197
JANES,Frozen Kickin' Hot Buffalo Pub Style Chicken Wings,660 g,"$19.99
 ea.",,$3.03 /100g,,,https://product-images.metro.ca/images/hd4/h76/11493231624222.jpg,https://www.metro.ca/en/online-grocery/search-page-198
LECLERC,"Social Tea Cookies, Tradition",525 g,"$6.99
 ea.",,$1.33 /100g,,,,https://www.metro.ca/en/online-grocery/search-page-198
LECLERC,"Mint Truffle Cookies, Celebration",240 g,"$4.49
 ea.",,$1.87 /100g,,,,https://www.metro.ca/en/online-grocery/search-page-198
LECLERC,Strawberry And Crème Flavoured Truffle Butter Cookie...,240 g,"$4.49
 ea.",,$1.87 /100g,,,,https://www.metro.ca/en/online-grocery/search-page-198
PRAEVENTIA,Raspberry Flavoured Cookies,210 g,"$3.69
 ea.",,$1.76 /100g,"Regular price
$4.99  ea.","Valid until Jan 24, 2024",https://product-images.metro.ca/images/hdb/h7a/9523738640414.jpg,https://www.metro.ca/en/online-grocery/search-page-198
LECLERC,"Milk Chocolate Flavoured Shortbread, Tradition",225 g,"$4.99
 ea.",,$2.22 /100g,,,,https://www.metro.ca/en/online-grocery/search-page-198
LECLERC,"Chocolate Chips Chewy Bars, Value Pack, Choco Max",35x36 g,"$13.99
 ea.",,$1.11 /100kg,,,,https://www.metro.ca/en/online-grocery/search-page-198
LECLERC,"Raspberry Flavoured Fruit And Oat Bars, Value Pack, ...",672 g,"$13.99
 ea.",,$2.08 /100g,,,,https://www.metro.ca/en/online-grocery/search-page-198
LECLERC,"Dark Chocolate And Banana Cookies, Praeventia",210 g,"$3.69
 ea.",,$1.76 /100g,"Regular price
$4.99  ea.","Valid until Jan 24, 2024",,https://www.metro.ca/en/online-grocery/search-page-198
LECLERC,"S'Mores Style Truffle Graham Cookies, Célébration",240 g,"$4.49
 ea.",,$1.87 /100g,,,,https://www.metro.ca/en/online-grocery/search-page-198
LECLERC,"Oat Bran Cookies With Almonds, Vital",280 g,"$3.69
 ea.",,$1.32 /100g,"Regular price
$4.99  ea.","Valid until Jan 24, 2024",,https://www.metro.ca/en/online-grocery/search-page-198
LECLERC,"Oat Bran Cookies With Cranberries, Vital",280 g,"$3.69
 ea.",,$1.32 /100g,"Regular price
$4.99  ea.","Valid until Jan 24, 2024",,https://www.metro.ca/en/online-grocery/search-page-198
LECLERC,"Oat Bran Cookies With Dark Chocolate Chunks, Vital",280 g,"$3.69
 ea.",,$1.32 /100g,"Regular price
$4.99  ea.","Valid until Jan 24, 2024",,https://www.metro.ca/en/online-grocery/search-page-198
LECLERC,"Dark Chocolate Brownies Oat Bran Cookies, Vital",280 g,"$3.69
 ea.",,$1.32 /100g,"Regular price
$4.99  ea.","Valid until Jan 24, 2024",,https://www.metro.ca/en/online-grocery/search-page-198
LECLERC,"Dark Chocolate Chip And Banana Oat Bran Cookies, Vital",280 g,"$3.69
 ea.",,$1.32 /100g,"Regular price
$4.99  ea.","Valid until Jan 24, 2024",,https://www.metro.ca/en/online-grocery/search-page-198
LECLERC,"Cocoa And Raspberry Oat Bran Cookies, Vital",280 g,"$3.69
 ea.",,$1.32 /100g,"Regular price
$4.99  ea.","Valid until Jan 24, 2024",,https://www.metro.ca/en/online-grocery/search-page-198
LECLERC,"Fruit Jelly Sponge Cookies, Tradition",300 g,"$4.99
 ea.",,$1.66 /100g,,,,https://www.metro.ca/en/online-grocery/search-page-198
LECLERC,Butter Cookies Topped With Milk Chocolate Cappuccino...,240 g,"$4.49
 ea.",,$1.87 /100g,,,,https://www.metro.ca/en/online-grocery/search-page-198
LECLERC,"Oatmeal Cookies, Tradition",300 g,"$4.99
 ea.",,$1.66 /100g,,,,https://www.metro.ca/en/online-grocery/search-page-198
LECLERC,"Field Blueberry Cookies, Tradition",280 g,"$4.99
 ea.",,$1.78 /100g,,,,https://www.metro.ca/en/online-grocery/search-page-198
LECLERC,"Berry Harvest Cookies, Tradition",280 g,"$4.99
 ea.",,$1.78 /100g,,,,https://www.metro.ca/en/online-grocery/search-page-198
LECLERC,"Red Raspberry Cookies, Tradition",280 g,"$4.99
 ea.",,$1.78 /100g,,,,https://www.metro.ca/en/online-grocery/search-page-198
LECLERC,"Summer Strawberry Cookies, Tradition",280 g,"$4.99
 ea.",,$1.78 /100g,,,,https://www.metro.ca/en/online-grocery/search-page-198
LECLERC,"Orchard Apple Cookies, Tradition",280 g,"$4.99
 ea.",,$1.78 /100g,,,,https://www.metro.ca/en/online-grocery/search-page-198
LECLERC,"Chocolate Chip And Oatmeal Cookies, Tradition",280 g,"$4.99
 ea.",,$1.78 /100g,,,,https://www.metro.ca/en/online-grocery/search-page-198
TRUDEAU MAISON,Waiter Corkscrew,1 un,"$8.49
 ea.",,$8.49 /un.,,,https://product-images.metro.ca/images/h34/h96/12083985514526.jpg,https://www.metro.ca/en/online-grocery/search-page-198
TRUDEAU MAISON,Scissor Tong,1 un,"$3.99
 ea.",,$3.99 /un.,,,https://product-images.metro.ca/images/hbd/hb9/12083986858014.jpg,https://www.metro.ca/en/online-grocery/search-page-198
TRUDEAU MAISON,Candy Utility Knife,1 un,"$3.99
 ea.",,$3.99 /un.,,,https://product-images.metro.ca/images/h2f/hec/12084053114910.jpg,https://www.metro.ca/en/online-grocery/search-page-198
TRUDEAU MAISON,Ball Whisk,1 un,"$9.49
 ea.",,$9.49 /un.,,,https://product-images.metro.ca/images/ha4/h97/12083981975582.jpg,https://www.metro.ca/en/online-grocery/search-page-198
TRUDEAU MAISON,Stainless Meat Thermometer,1 un,"$5.99
 ea.",,$5.99 /un.,,,https://product-images.metro.ca/images/hfb/hfa/12084023459870.jpg,https://www.metro.ca/en/online-grocery/search-page-198
TRUDEAU MAISON,Melamine Pasta Fork,1 un,"$2.99
 ea.",,$2.99 /un.,,,https://product-images.metro.ca/images/h63/h92/12084053704734.jpg,https://www.metro.ca/en/online-grocery/search-page-199
TRUDEAU MAISON,Melamine Slotted Spoon,1 un,"$2.99
 ea.",,$2.99 /un.,,,https://product-images.metro.ca/images/hd3/h0d/12084096434206.jpg,https://www.metro.ca/en/online-grocery/search-page-199
TRUDEAU MAISON,Melamine Ladle,1 un,"$2.99
 ea.",,$2.99 /un.,,,https://product-images.metro.ca/images/haf/h3c/12084021592094.jpg,https://www.metro.ca/en/online-grocery/search-page-199
TRUDEAU MAISON,Melamine Slotted Spatula,1 un,"$2.99
 ea.",,$2.99 /un.,,,https://product-images.metro.ca/images/h23/he1/12084032569374.jpg,https://www.metro.ca/en/online-grocery/search-page-199
TRUDEAU,Foldable Cutlery,2 un,"$3.99
 ea.",,$2.00 /un.,,,https://product-images.metro.ca/images/h6d/hb5/12084051247134.jpg,https://www.metro.ca/en/online-grocery/search-page-199
TRUDEAU MAISON,Snack And Dip Containers,1 un,"$3.59
 ea.",,$3.59 /un.,,,https://product-images.metro.ca/images/hc2/he9/12084018872350.jpg,https://www.metro.ca/en/online-grocery/search-page-199
TRUDEAU MAISON,Condiment Containers,2 un,"$3.59
 ea.",,$1.80 /un.,,,https://product-images.metro.ca/images/h64/hc6/12084064813086.jpg,https://www.metro.ca/en/online-grocery/search-page-199
TRUDEAU MAISON,Ice Cream Scoop,1 un,"$9.49
 ea.",,$9.49 /un.,,,https://product-images.metro.ca/images/hbb/h4d/12084012515358.jpg,https://www.metro.ca/en/online-grocery/search-page-199
TRUDEAU MAISON,Stainless Steal Cocktail Shaker,1 un,"$11.99
 ea.",,$11.99 /un.,,,https://product-images.metro.ca/images/hf9/hff/10710951526430.jpg,https://www.metro.ca/en/online-grocery/search-page-199
NATURE VALLEY,"Oats And Honey Crunchy Granola Cereal, Protein",310 g,"$8.29
 ea.",,$2.67 /100g,,,,https://www.metro.ca/en/online-grocery/search-page-199
ANNIE'S,Organic Honey And Nuts Cereals,235 g,"$7.49
 ea.",,$3.19 /100g,,,https://product-images.metro.ca/images/h01/h23/11761639358494.jpg,https://www.metro.ca/en/online-grocery/search-page-199
ANNIE'S,Organic Cinnamon Crunch Cereals,260 g,"$7.49
 ea.",,$2.88 /100g,,,https://product-images.metro.ca/images/hf2/hdc/11817036808222.jpg,https://www.metro.ca/en/online-grocery/search-page-199
NATURE VALLEY,Dark Chocolate And Nuts Mini Granola Bars,425 g,"$9.99
 ea.",,$2.35 /100g,,,https://product-images.metro.ca/images/hce/hfb/10045171269662.jpg,https://www.metro.ca/en/online-grocery/search-page-199
NATURE VALLEY,"Fruit And Nut Chewy Granola Bars, Trail Mix",980 g,"$12.99
 ea.",,$1.33 /100g,,,,https://www.metro.ca/en/online-grocery/search-page-199
NATURE VALLEY,Peanut Chewy Granola Bars Dipped In Peanut Butter Co...,980 g,"$12.99
 ea.",,$1.33 /100g,,,,https://www.metro.ca/en/online-grocery/search-page-199
FIBRE 1,Oat And Chocolate Chewy Bars,840 g,"$12.99
 ea.",,$1.55 /100g,,,https://product-images.metro.ca/images/ha9/hae/10823193853982.jpg,https://www.metro.ca/en/online-grocery/search-page-199
NATURE VALLEY,"Assorted Flavours Chewy Granola Bars Value Pack, Swe...",980 g,"$12.99
 ea.",,$1.33 /100g,,,,https://www.metro.ca/en/online-grocery/search-page-199
BETTY CROCKER,"Assorted Flavours Fruit Rolls, Fruit-By-Foot",637 g,"$10.99
 ea.",,$1.73 /100g,,,,https://www.metro.ca/en/online-grocery/search-page-199
NATURE VALLEY,"Oat And Honey Chrunchy Granola Bars Value Pack, Crunchy",1.28 kg,"$12.99
 ea.",,$1.01 /100g,,,,https://www.metro.ca/en/online-grocery/search-page-199
GENERAL MILLS,"Corn Cereals, Chex",340 g,"$8.29
 ea.",,$2.44 /100g,,,,https://www.metro.ca/en/online-grocery/search-page-199
MOTT'S,"Assorted Fruit Flavoured Snacks Value Pack, Fruitsat...",907 g,"$10.99
 ea.",,$1.21 /100g,,,,https://www.metro.ca/en/online-grocery/search-page-199
MARTIN PICARD,Maple Flavoured Condensed Milk,300 mL,"$7.99
 ea.",,$2.66 /100ml,,,https://product-images.metro.ca/images/h21/h8e/9459963658270.jpg,https://www.metro.ca/en/online-grocery/search-page-199
MIKES,"Precooked Pizza Crusts With Sauce Pouches, Mike'S",450 g,"$7.79
 ea.",,$1.73 /100g,,,,https://www.metro.ca/en/online-grocery/search-page-199
MARTIN PICARD,Maple Flavoured Dulce De Leche,300 mL,"$8.99
 ea.",,$3.00 /100ml,,,https://product-images.metro.ca/images/hbb/hfd/9877583822878.jpg,https://www.metro.ca/en/online-grocery/search-page-199
RIVIERA,Wild Berries Flavoured Oat Milk Based Vegan Yogurt,500 g,"$6.79
 ea.",,$1.36 /100g,,,https://product-images.metro.ca/images/h14/h8d/10946674753566.jpg,https://www.metro.ca/en/online-grocery/search-page-199
RIVIERA,Lactose Free Black Cherry And Vanilla Flavoured Yogurt,500 g,"$5.29
 ea.",,$1.06 /100g,,,https://product-images.metro.ca/images/h9f/h4e/11292838723614.jpg,https://www.metro.ca/en/online-grocery/search-page-199
RIVIERA,Mango And Passion Fruit Flavoured Vegan Coconut Milk...,4x120 g,"$6.79
 ea.",,$5.66 /100g,,,,https://www.metro.ca/en/online-grocery/search-page-199
RIVIERA,Cream Cheese,240 g,"$4.49
 ea.",,$1.87 /100g,"Regular price
$4.99  ea.","Valid until Feb 14, 2024",https://product-images.metro.ca/images/h0e/hd7/12258536685598.jpg,https://www.metro.ca/en/online-grocery/search-page-199
GENERAL MILLS,"Maple And Nut Flavoured Cereal Value Pack, Oatmeal C...",619 g,"$9.99
 ea.",,$1.61 /100g,,,,https://www.metro.ca/en/online-grocery/search-page-199
LIFE SMART,"Smoked Wiener Sausages, Naturalia",375 g,"$5.99
 ea.",,$1.60 /100g,,,,https://www.metro.ca/en/online-grocery/search-page-199
IRRESISTIBLES,Grana Padano Cheese Aged 14 Months,200 g,"$8.99
 ea.",,$4.50 /100g,,,https://product-images.metro.ca/images/h05/h2d/10200581537822.jpg,https://www.metro.ca/en/online-grocery/search-page-200
SELECTION,Light Marble Cheddar,250 g,"$5.29
 ea.",,$2.12 /100g,,,https://product-images.metro.ca/images/h4e/ha7/10244313808926.jpg,https://www.metro.ca/en/online-grocery/search-page-200
INVITATIONS,Dealcoholized Australian White Wine,750 mL,"$5.99
 ea.",,$0.80 /100ml,"Regular price
$6.99  ea.","Valid until Feb 7, 2024",https://product-images.metro.ca/images/h0a/hfe/11521656094750.jpg,https://www.metro.ca/en/online-grocery/search-page-200
INVITATIONS,Dealcoholized Australian Red Wine,750 mL,"$5.99
 ea.",,$0.80 /100ml,"Regular price
$6.99  ea.","Valid until Feb 7, 2024",https://product-images.metro.ca/images/h55/hd2/10200602345502.jpg,https://www.metro.ca/en/online-grocery/search-page-200
INVITATIONS,Dealcoholized Australian Rosé Wine,750 mL,"$5.99
 ea.",,$0.80 /100ml,"Regular price
$6.99  ea.","Valid until Feb 7, 2024",https://product-images.metro.ca/images/h5b/h59/11497565913118.jpg,https://www.metro.ca/en/online-grocery/search-page-200
IRRESISTIBLES,Fries Sauce,325 mL,"$3.49
 ea.",,$1.07 /100ml,,,https://product-images.metro.ca/images/h69/h53/10200618991646.jpg,https://www.metro.ca/en/online-grocery/search-page-200
IRRESISTIBLES,Burger Sauce,325 mL,"$3.49
 ea.",,$1.07 /100ml,,,https://product-images.metro.ca/images/h4e/h3e/10200618860574.jpg,https://www.metro.ca/en/online-grocery/search-page-200
SELECTION,Alfredo Pasta Sauce,410 mL,"$3.49
 ea.",,$0.85 /100ml,"Regular price
$4.19  ea.","Valid until Jan 24, 2024",https://product-images.metro.ca/images/h1e/h51/10402390835230.jpg,https://www.metro.ca/en/online-grocery/search-page-200
LIFE SMART,"Lentil Soup With Vegetables, Organic",398 mL,"$4.49
 ea.",,$1.13 /100ml,,,,https://www.metro.ca/en/online-grocery/search-page-200
SELECTION,Roasted Garlic Flavoured Alfredo Pasta Sauce,410 mL,"$3.49
 ea.",,$0.85 /100ml,"Regular price
$4.19  ea.","Valid until Jan 24, 2024",https://product-images.metro.ca/images/h3f/h8d/10402390540318.jpg,https://www.metro.ca/en/online-grocery/search-page-200
LIFE SMART,Quebec-Style Split Pea Soup With Vegetables And Hemp...,398 g,"$4.49
 ea.",,$1.13 /100ml,,,,https://www.metro.ca/en/online-grocery/search-page-200
LIFE SMART,"Coconut Curry Soup With Sweet Potato And Pumkin, Org...",398 mL,"$4.49
 ea.",,$1.13 /100ml,,,,https://www.metro.ca/en/online-grocery/search-page-200
LIFE SMART,Butternut Squash With Sweet Potato And Maple Syrup S...,398 mL,"$4.49
 ea.",,$1.13 /100ml,,,,https://www.metro.ca/en/online-grocery/search-page-200
LIFE SMART,Reduced Fat Mayonnaise Style Dressing,890 mL,"$4.99
 ea.",,$0.56 /100ml,"Regular price
$5.79  ea.","Valid until Jan 24, 2024",https://product-images.metro.ca/images/h08/h05/10246433734686.jpg,https://www.metro.ca/en/online-grocery/search-page-200
LIFE SMART,"Instant Oatmeal In Packets, Organic",320 g,"$4.79
 ea.",,$1.50 /100g,,,,https://www.metro.ca/en/online-grocery/search-page-200
LIFE SMART,Mayonnaise Type Dressing With Olive Oil,890 mL,"$4.99
 ea.",,$0.56 /100ml,"Regular price
$5.79  ea.","Valid until Jan 24, 2024",https://product-images.metro.ca/images/h91/hf4/10353244078110.jpg,https://www.metro.ca/en/online-grocery/search-page-200
IRRESISTIBLES,Cranberry And Orange Muffins,600 g,"$7.99
 ea.",,$1.33 /100g,,,https://product-images.metro.ca/images/ha8/hf4/11521572470814.jpg,https://www.metro.ca/en/online-grocery/search-page-200
SELECTION,Stewed Prunes,720 mL,"$7.49
 ea.",,$1.04 /100ml,,,https://product-images.metro.ca/images/h00/h6f/11521794506782.jpg,https://www.metro.ca/en/online-grocery/search-page-200
SELECTION,Large Freezer Bags,20 un,"$5.29
 ea.",,$0.26 /un.,,,https://product-images.metro.ca/images/h07/h3c/10825230909470.jpg,https://www.metro.ca/en/online-grocery/search-page-200
SELECTION,Extra Large Double Zipper Freezer Bags,10 un,"$3.99
 ea.",,$0.27 /un.,,,https://product-images.metro.ca/images/hfd/h6f/11625480323102.jpg,https://www.metro.ca/en/online-grocery/search-page-200
SELECTION,Sliced Pepperoni,2x375 g,"$11.99
 ea.",,$1.60 /100g,,,https://product-images.metro.ca/images/h9c/hdf/11094975512606.jpg,https://www.metro.ca/en/online-grocery/search-page-200
IRRESISTIBLES,In-Shell Nut Blend,454 g,"$4.99
 ea.",,$1.10 /100g,"Regular price
$5.99  ea.","Valid until Jan 10, 2024",https://product-images.metro.ca/images/h9c/h79/11022564786206.jpg,https://www.metro.ca/en/online-grocery/search-page-200
IRRESISTIBLES,In-Shell Walnuts,454 g,"$4.99
 ea.",,$1.10 /100g,"Regular price
$5.99  ea.","Valid until Jan 10, 2024",https://product-images.metro.ca/images/h68/hf0/11274462724126.jpg,https://www.metro.ca/en/online-grocery/search-page-200
IRRESISTIBLES,Spicy Calabrese Salami,100 g,"$8.49
 ea.",,$8.49 /100g,,,https://product-images.metro.ca/images/hb8/h37/12175419572254.jpg,https://www.metro.ca/en/online-grocery/search-page-200
SELECTION,Wine Sauerkraut,900 mL,"$3.49
 ea.",,$0.39 /100ml,"Regular price
$3.99  ea.","Valid until Jan 24, 2024",https://product-images.metro.ca/images/h51/h07/11764302905374.jpg,https://www.metro.ca/en/online-grocery/search-page-200
IRRESISTIBLES,Soppressata Salami,100 g,"$8.49
 ea.",,$8.49 /100g,,,https://product-images.metro.ca/images/h02/hd8/11198284562462.jpg,https://www.metro.ca/en/online-grocery/search-page-200
SELECTION,Parchment Paper,1 un,"$9.79
 ea.",,$0.20 /m,,,https://product-images.metro.ca/images/h6b/he2/11445514928158.jpg,https://www.metro.ca/en/online-grocery/search-page-200
IRRESISTIBLES,Montreal Style Sesame Bagels,510 g,"$6.49
 ea.",,$1.27 /100g,,,https://product-images.metro.ca/images/hc2/h31/11328913899550.jpg,https://www.metro.ca/en/online-grocery/search-page-200
SELECTION,Lactose Free Shredded Mozzarella Cheese For Pizza,320 g,"$5.99
 ea.",,$1.87 /100g,"Regular price
$7.49  ea.","Valid until Feb 14, 2024",https://product-images.metro.ca/images/h2c/hc6/12175587934238.jpg,https://www.metro.ca/en/online-grocery/search-page-200
SELECTION,Raspberry Flavoured Swiss Rolls,400 g,"$8.79
 ea.",,$13.12 /100g,,,https://product-images.metro.ca/images/h74/hf9/12175641706526.jpg,https://www.metro.ca/en/online-grocery/search-page-200
SELECTION,Vanilla And Chocolate Flavoured Swiss Rolls,400 g,"$8.79
 ea.",,$2.20 /100g,,,https://product-images.metro.ca/images/h84/hb4/12175637446686.jpg,https://www.metro.ca/en/online-grocery/search-page-201
SELECTION,Birthday Cake Swiss Rolls,400 g,"$8.79
 ea.",,$2.20 /100g,,,https://product-images.metro.ca/images/h96/hf6/12175642853406.jpg,https://www.metro.ca/en/online-grocery/search-page-201
INVITATIONS,Dealcoholized Australian Sparkling Wine,750 mL,"$9.49
 ea.",,$1.27 /100ml,,,https://product-images.metro.ca/images/h96/hb4/11493516345374.jpg,https://www.metro.ca/en/online-grocery/search-page-201
IRRESISTIBLES,Chicken Treats For Cats,85 g,"$2.99
 ea.",,$3.52 /100g,"Regular price
$3.49  ea.","Valid until Jan 24, 2024",https://product-images.metro.ca/images/h73/hec/11601523834910.jpg,https://www.metro.ca/en/online-grocery/search-page-201
IRRESISTIBLES,Salmon Treats For Cats,85 g,"$2.99
 ea.",,$3.52 /100g,"Regular price
$3.49  ea.","Valid until Jan 24, 2024",https://product-images.metro.ca/images/ha0/hbc/11601491886110.jpg,https://www.metro.ca/en/online-grocery/search-page-201
SELECTION,Big Baking Cups,60 un,"2 / 
$4.00",,$0.03 /un.,"Regular price
$2.49  ea.","Valid until Feb 7, 2024",https://product-images.metro.ca/images/h92/hf1/11630151860254.jpg,https://www.metro.ca/en/online-grocery/search-page-201
LIFE SMART,Strawberry Spread,500 mL,"$3.99
 ea.",,$0.80 /100ml,"Regular price
$4.99  ea.","Valid until Feb 7, 2024",https://product-images.metro.ca/images/h69/h3e/11449820413982.jpg,https://www.metro.ca/en/online-grocery/search-page-201
SELECTION,Grape Jelly,500 mL,"$3.99
 ea.",,$0.80 /100ml,"Regular price
$4.79  ea.","Valid until Feb 7, 2024",https://product-images.metro.ca/images/h2e/h7a/11449816219678.jpg,https://www.metro.ca/en/online-grocery/search-page-201
IRRESISTIBLES,Reduced Salt Soy Sauce,450 mL,"$5.99
 ea.",,$1.33 /100ml,,,https://product-images.metro.ca/images/h2b/hac/11556880973854.jpg,https://www.metro.ca/en/online-grocery/search-page-201
IRRESISTIBLES,Fermented Soy Sauce,450 mL,"$5.99
 ea.",,$1.33 /100ml,,,https://product-images.metro.ca/images/h5f/h86/11556867309598.jpg,https://www.metro.ca/en/online-grocery/search-page-201
IRRESISTIBLES,Duck Treats For Cats,85 g,"$2.99
 ea.",,$3.52 /100g,"Regular price
$3.49  ea.","Valid until Jan 24, 2024",https://product-images.metro.ca/images/h25/h73/11601647992862.jpg,https://www.metro.ca/en/online-grocery/search-page-201
SELECTION,Fresh Linen Scented Oil Air Freshener,1 un,"$4.99
 ea.",,$4.99 /un.,"Regular price
$6.99  ea.","Valid until Feb 7, 2024",https://product-images.metro.ca/images/h71/hd5/12192380026910.jpg,https://www.metro.ca/en/online-grocery/search-page-201
SELECTION,Vanilla Creme-Filled Sandwich Cookies,907 g,"$5.99
 ea.",,$0.66 /100g,,,https://product-images.metro.ca/images/h44/haa/9668926603294.jpg,https://www.metro.ca/en/online-grocery/search-page-201
SELECTION,Chocolate Creme-Filled Fudge Sandwich Cookies,907 g,"$5.99
 ea.",,$0.66 /100g,,,https://product-images.metro.ca/images/h29/hea/9658232438814.jpg,https://www.metro.ca/en/online-grocery/search-page-201
SELECTION,Vanilla Creme-Filled Chocolate And Vanilla Sandwich ...,907 g,"$5.99
 ea.",,$0.66 /100g,,,,https://www.metro.ca/en/online-grocery/search-page-201
SELECTION,"Reduced Sugar Fusion Fruit Juice Boxes, H2Fruits",8x200 mL,"2 / 
$6.50",,$0.20 /100ml,"Regular price
$3.69  ea.","Valid until Jan 24, 2024",,https://www.metro.ca/en/online-grocery/search-page-201
SELECTION,Watermelon And Berries Juice Blend With 55% Less Sug...,8x200 mL,"2 / 
$6.50",,$0.20 /100ml,"Regular price
$3.69  ea.","Valid until Jan 24, 2024",,https://www.metro.ca/en/online-grocery/search-page-201
SELECTION,Chocolate Cupcakes,284 g,"$5.99
 ea.",,$2.11 /100g,,,https://product-images.metro.ca/images/h67/h3b/9520256811038.jpg,https://www.metro.ca/en/online-grocery/search-page-201
SELECTION,Vanilla Cupcakes,284 g,"$5.99
 ea.",,$2.11 /100g,,,https://product-images.metro.ca/images/h40/h81/9520252846110.jpg,https://www.metro.ca/en/online-grocery/search-page-201
SELECTION,Red Velvet Cupcakes,284 g,"$6.79
 ea.",,$2.39 /100g,,,https://product-images.metro.ca/images/h6a/hcc/11145363685406.jpg,https://www.metro.ca/en/online-grocery/search-page-201
LIFE SMART,"Bread Crumbs, Gluten Free",500 g,"$6.99
 ea.",,$1.40 /100g,"Regular price
$7.99  ea.","Valid until Jan 24, 2024",,https://www.metro.ca/en/online-grocery/search-page-201
LIFE SMART,Lactose-Free Sliced Light Swiss Cheese,350 g,"$13.29
 ea.",,$3.80 /100g,,,https://product-images.metro.ca/images/hea/had/11257185501214.jpg,https://www.metro.ca/en/online-grocery/search-page-201
SELECTION,Salted And Roasted Whole Almonds,1.13 kg,"$18.99
 ea.",,$1.68 /100g,,,https://product-images.metro.ca/images/h20/h47/9301000847390.jpg,https://www.metro.ca/en/online-grocery/search-page-201
SELECTION,Deluxe Mixed Nuts,1.13 kg,"$20.99
 ea.",,$1.86 /100g,,,https://product-images.metro.ca/images/ha0/h6b/9300952547358.jpg,https://www.metro.ca/en/online-grocery/search-page-201
SELECTION,Salted And Roasted Cashews,1.13 kg,"$20.99
 ea.",,$1.86 /100g,,,https://product-images.metro.ca/images/hd1/h91/9520188325918.jpg,https://www.metro.ca/en/online-grocery/search-page-201
IRRESISTIBLES,Beef Tender Dog Treats,50 g,"$4.49
 ea.",,$8.98 /100g,"Regular price
$4.99  ea.","Valid until Jan 24, 2024",https://product-images.metro.ca/images/h53/hb1/9336501305374.jpg,https://www.metro.ca/en/online-grocery/search-page-201
IRRESISTIBLES,Beef Liver Dog Treats,90 g,"$4.49
 ea.",,$4.99 /100g,"Regular price
$4.99  ea.","Valid until Jan 24, 2024",https://product-images.metro.ca/images/h4b/hd5/9350676906014.jpg,https://www.metro.ca/en/online-grocery/search-page-201
LIFE SMART,Reduced Salt Vegetable Cocktail,1.89 L,"$2.99
 ea.",,$0.16 /100ml,"Regular price
$4.19  ea.","Valid until Jan 24, 2024",https://product-images.metro.ca/images/h3d/h35/10308114513950.jpg,https://www.metro.ca/en/online-grocery/search-page-201
LIFE SMART,Whole Tomatoes,796 mL,"$1.99
 ea.",,$0.25 /100ml,"Regular price
$2.19  ea.","Valid until Jan 24, 2024",https://product-images.metro.ca/images/h92/h43/9730868674590.jpg,https://www.metro.ca/en/online-grocery/search-page-201
LIFE SMART,Diced Tomatoes With Herbs And Spices,796 mL,"$1.99
 ea.",,$0.25 /100ml,"Regular price
$2.19  ea.","Valid until Jan 24, 2024",https://product-images.metro.ca/images/h5f/heb/9916640657438.jpg,https://www.metro.ca/en/online-grocery/search-page-201
IRRESISTIBLES,Crumbled Feta Cheese,170 g,"$5.79
 ea.",,$3.41 /100g,"Regular price
$5.99  ea.","Valid until Jan 17, 2024",https://product-images.metro.ca/images/hb0/h76/9551061647390.jpg,https://www.metro.ca/en/online-grocery/search-page-202
SELECTION,Maple Creme-Filled Maple Sandwich Cookies,625 g,"$4.99
 ea.",,$0.80 /100g,,,https://product-images.metro.ca/images/h3b/h47/10221801930782.jpg,https://www.metro.ca/en/online-grocery/search-page-202
SELECTION,Plastic Wrap,762 m,"$19.99
 ea.",,$0.03 /m,,,https://product-images.metro.ca/images/h6f/h5b/9445072502814.jpg,https://www.metro.ca/en/online-grocery/search-page-202
IRRESISTIBLES,Goat'S Milk Feta Cheese,200 g,"$7.49
 ea.",,$3.75 /100g,"Regular price
$7.79  ea.","Valid until Jan 17, 2024",https://product-images.metro.ca/images/h54/hba/11257191858206.jpg,https://www.metro.ca/en/online-grocery/search-page-202
SELECTION,Maria Cookies,800 g,"$4.49
 ea.",,$0.56 /100g,,,https://product-images.metro.ca/images/hb4/h7b/9647375286302.jpg,https://www.metro.ca/en/online-grocery/search-page-202
IRRESISTIBLES,Hazelnut Roll Cookies,300 g,"$3.29
 ea.",,$1.10 /100g,,,https://product-images.metro.ca/images/h51/hf5/9719828906014.jpg,https://www.metro.ca/en/online-grocery/search-page-202
IRRESISTIBLES,Café Latte Flavoured Cookies,180 g,"$3.49
 ea.",,$1.94 /100g,"Regular price
$3.79  ea.","Valid until Jan 24, 2024",https://product-images.metro.ca/images/h85/h45/9730871230494.jpg,https://www.metro.ca/en/online-grocery/search-page-202
IRRESISTIBLES,Milk Chocolate Coated Cookies,120 g,"$2.49
 ea.",,$2.07 /100g,"Regular price
$2.99  ea.","Valid until Jan 24, 2024",https://product-images.metro.ca/images/h5e/h0e/9658321371166.jpg,https://www.metro.ca/en/online-grocery/search-page-202
IRRESISTIBLES,Corn Chips With Flax Seeds,350 g,"$6.99
 ea.",,$2.00 /100g,,,https://product-images.metro.ca/images/h17/hee/9653765046302.jpg,https://www.metro.ca/en/online-grocery/search-page-202
SELECTION,3-Ply Pocket Facial Tissues,10 un,"$2.79
 ea.",,$0.28 /un.,,,https://product-images.metro.ca/images/hed/hda/10823096926238.jpg,https://www.metro.ca/en/online-grocery/search-page-202
BARE,"Chocolate Coconut Chips, Baked Crunchy",79 g,"$5.99
 ea.",,$7.58 /100g,,,,https://www.metro.ca/en/online-grocery/search-page-202
BARE,Cinnamon Apple Chips,96 g,"$5.99
 ea.",,$6.24 /100g,,,https://product-images.metro.ca/images/h36/heb/11574237954078.jpg,https://www.metro.ca/en/online-grocery/search-page-202
KURKURE,Chilli Chatka Flavoured Snacks,115 g,"$1.49
 ea.",,$1.30 /100g,,,https://product-images.metro.ca/images/ha5/hca/11685247811614.jpg,https://www.metro.ca/en/online-grocery/search-page-202
MISS VICKIE'S,Sweet & Spicy Ketchup Flavoured Chip,66 g,"$2.19
 ea.",,$3.32 /100g,,,https://product-images.metro.ca/images/hda/hcb/12158507810846.jpg,https://www.metro.ca/en/online-grocery/search-page-202
RUFFLES,KFC Flavoured Chips,66 g,"$2.19
 ea.",,$3.32 /100g,,,https://product-images.metro.ca/images/h8d/h60/11609755025438.jpg,https://www.metro.ca/en/online-grocery/search-page-202
BUSCH,"Lager Beer, Ice",6x355 mL - cans,"$9.99
 ea.",,$0.47 /100ml,,,,https://www.metro.ca/en/online-grocery/search-page-202
ROCKSTAR,Original Flavoured Alcoholic Malt Beverage,473 mL,"$3.99
 ea.",,$0.84 /100ml,,,https://product-images.metro.ca/images/hba/hcd/9497566216222.jpg,https://www.metro.ca/en/online-grocery/search-page-202
BEACH DAY EVERY DAY,"Berry Flavoured Alcoholic Malt Beverage, Berry Beach",473 mL,"2 / 
$7.50",,$0.79 /100ml,"Regular price
$3.99  ea.","Valid until Feb 7, 2024",,https://www.metro.ca/en/online-grocery/search-page-202
PALM BAY,"Alcoholic Malt Beverage Variety Pack, Tropix",12x355 mL,"$17.99
 ea.",,$0.42 /100ml,"Regular price
$25.99  ea.","Valid until Feb 7, 2024",,https://www.metro.ca/en/online-grocery/search-page-202
BEACH DAY EVERY DAY,"Berry Flavoured Alcoholic Malt Beverage, Berry Beach",6x355 mL,"$14.49
 ea.",,$4.08 /100ml,,,,https://www.metro.ca/en/online-grocery/search-page-202
CORONA EXTRA,Mexican Lager Beer,24x330 mL - bottles,"$42.99
 ea.",,$0.54 /100ml,,,https://product-images.metro.ca/images/h57/h4d/10379022729246.jpg,https://www.metro.ca/en/online-grocery/search-page-202
STELLA ARTOIS,Belgian Blonde Lager Beer,24x330 mL - bottles,"$42.99
 ea.",,$0.54 /100ml,,,https://product-images.metro.ca/images/h19/hc9/10379025940510.jpg,https://www.metro.ca/en/online-grocery/search-page-202
BEACH DAY EVERY DAY,"Peach Flavoured Alcoholic Malt Beverage, Beach Peach",6x355 mL,"$14.49
 ea.",,$4.08 /100ml,,,,https://www.metro.ca/en/online-grocery/search-page-202
BEACH DAY EVERY DAY,"Peach Flavoured Alcoholic Malt Beverage, Beach Peach",473 mL,"2 / 
$7.50",,$0.79 /100ml,"Regular price
$3.99  ea.","Valid until Feb 7, 2024",,https://www.metro.ca/en/online-grocery/search-page-202
BUD LIGHT,"Acloholic Malt Beverage With Clamato, Chelada",12x355 mL - cans,"$21.99
 ea.",,$0.52 /100ml,"Regular price
$25.99  ea.","Valid until Feb 7, 2024",,https://www.metro.ca/en/online-grocery/search-page-202
BUD LIGHT,"Acloholic Malt Beverage With Clamato, Chelada",6x355 mL - cans,"$14.49
 ea.",,$0.68 /100ml,,,,https://www.metro.ca/en/online-grocery/search-page-202
PALM BAY,"Cherry, Blue Raspberry And Watermelon Flavoured Alco...",473 mL,"2 / 
$7.50",,$0.79 /100ml,"Regular price
$3.99  ea.","Valid until Feb 7, 2024",,https://www.metro.ca/en/online-grocery/search-page-202
PALM BAY,"Cherry, Blue Raspberry And Watermelon Flavoured Alco...",6x355 mL - can,"$14.49
 ea.",,$4.08 /100ml,,,,https://www.metro.ca/en/online-grocery/search-page-202
CORONA EXTRA,Mexican Lager Beer,710 mL,"$6.69
 ea.",,$0.94 /100ml,,,https://product-images.metro.ca/images/h06/h72/10845290233886.jpg,https://www.metro.ca/en/online-grocery/search-page-202
BUD LIGHT,"Mango Flavoured Alcoholic Malt Beverage, Seltzer",6x355 mL,"$14.49
 ea.",,$4.08 /100ml,,,,https://www.metro.ca/en/online-grocery/search-page-202
PALM BAY,"Pineapple, Peach And Mango Flavoured Alcoholic Malt ...",6x355 mL,"$14.49
 ea.",,$4.08 /100ml,,,,https://www.metro.ca/en/online-grocery/search-page-203
NÜTRL,Alcoholic Malt Beverage Variety Pack,12x355 mL,"$23.99
 ea.",,$6.76 /100ml,"Regular price
$26.99  ea.","Valid until Feb 7, 2024",https://product-images.metro.ca/images/h85/h63/10768808640542.jpg,https://www.metro.ca/en/online-grocery/search-page-203
PALM BAY,"Pineapple, Peach And Mango Flavoured Alcoholic Malt ...",473 mL,"2 / 
$7.50",,$0.79 /100ml,"Regular price
$3.99  ea.","Valid until Feb 7, 2024",,https://www.metro.ca/en/online-grocery/search-page-203
BEACH DAY EVERY DAY,Iced Tea Flavoured Alcoholic Malt Beverage,,"$21.99
 ea.",,$0.52 /100ml,"Regular price
$25.99  ea.","Valid until Feb 7, 2024",https://product-images.metro.ca/images/ha8/h43/10768816996382.jpg,https://www.metro.ca/en/online-grocery/search-page-203
ROMEO'S SONIC,Pink Cucumber Flavoured Gin-Inspired Alcoholic Malt ...,,"$16.49
 ea.",,$0.77 /100ml,,,,https://www.metro.ca/en/online-grocery/search-page-203
NÜTRL,Raspberry Flavoured Alcoholic Malt Beverage,6x355mL,"$13.99
 ea.",,$3.94 /100ml,"Regular price
$16.49  ea.","Valid until Feb 7, 2024",https://product-images.metro.ca/images/he6/h08/10768810541086.jpg,https://www.metro.ca/en/online-grocery/search-page-203
BUD LIGHT,"Black Cherry Flavoured Alcoholic Sparkling Water, Se...",473 mL,"2 / 
$7.50",,$0.79 /100ml,"Regular price
$3.99  ea.","Valid until Feb 7, 2024",,https://www.metro.ca/en/online-grocery/search-page-203
LABATT,"Grape Flavoured Alcoholic Sparkling Water, Nütrl",6x355 mL,"$13.99
 ea.",,$3.94 /100ml,"Regular price
$16.49  ea.","Valid until Feb 7, 2024",,https://www.metro.ca/en/online-grocery/search-page-203
BEACH DAY EVERY DAY,Iced Tea Flavoured Alcoholic Malt Beverage,6x355 mL,"$14.49
 ea.",,$4.08 /100ml,,,https://product-images.metro.ca/images/hae/hc0/11412760526878.jpg,https://www.metro.ca/en/online-grocery/search-page-203
BEACH DAY EVERY DAY,"Alcoholic Malt Beverages Variety Pack, Mix Pack",12x355 mL,"$21.99
 ea.",,$6.19 /100ml,"Regular price
$25.99  ea.","Valid until Feb 7, 2024",,https://www.metro.ca/en/online-grocery/search-page-203
BEACH DAY EVERY DAY,"Alcoholic Malt Beverage, Ice",6x355mL,"$14.49
 ea.",,$4.08 /100ml,,,,https://www.metro.ca/en/online-grocery/search-page-203
BEACH DAY EVERY DAY,"Alcoholic Malt Beverage, Ice",473 mL,"2 / 
$7.50",,$0.79 /100ml,"Regular price
$3.99  ea.","Valid until Feb 7, 2024",,https://www.metro.ca/en/online-grocery/search-page-203
VAN HOUTTE,House Blend Dark Ground Coffee,908 g,"$23.99
 ea.",,$2.64 /100g,,,https://product-images.metro.ca/images/h1e/h80/11829861908510.jpg,https://www.metro.ca/en/online-grocery/search-page-203
BLUEWATER SEAFOODS,Frozen Breaded Sole Fillets,525 g,"$14.99
 ea.",,$2.86 /100g,"Regular price
$18.99  ea.","Valid until Jan 17, 2024",https://product-images.metro.ca/images/h21/h86/9523678183454.jpg,https://www.metro.ca/en/online-grocery/search-page-203
BLUEWATER SEAFOODS,Frozen Breaded Cod Fillets,525 g,"$14.99
 ea.",,$2.86 /100g,"Regular price
$18.99  ea.","Valid until Jan 17, 2024",https://product-images.metro.ca/images/he8/h60/9523676348446.jpg,https://www.metro.ca/en/online-grocery/search-page-203
BLUEWATER SEAFOODS,Frozen Beer Battered Haddock Fillets,480 g,"$14.99
 ea.",,$3.12 /100g,"Regular price
$18.99  ea.","Valid until Jan 17, 2024",https://product-images.metro.ca/images/h5b/h76/9523675430942.jpg,https://www.metro.ca/en/online-grocery/search-page-203
BLUEWATER SEAFOODS,Frozen English Style Battered Haddock Fillets,525 g,"$14.99
 ea.",,$2.86 /100g,"Regular price
$18.99  ea.","Valid until Jan 17, 2024",https://product-images.metro.ca/images/hc6/h1e/9523676545054.jpg,https://www.metro.ca/en/online-grocery/search-page-203
BLUEWATER SEAFOODS,Frozen Breaded Haddock Fillets,525 g,"$14.99
 ea.",,$2.86 /100g,"Regular price
$18.99  ea.","Valid until Jan 17, 2024",https://product-images.metro.ca/images/hc3/he9/9523677855774.jpg,https://www.metro.ca/en/online-grocery/search-page-203
EXCELDOR,Sweet And Smoked South-West BBQ Chicken Breast Kabobs,320 g,"$10.99
 ea.",,$3.43 /100g,,,https://product-images.metro.ca/images/h51/hbe/10029258506270.jpg,https://www.metro.ca/en/online-grocery/search-page-203
VAN HOUTTE,Amaretto Ground Coffee,340 g,"$9.99
 ea.",,$2.94 /100g,"Regular price
$10.99  ea.","Valid until Feb 7, 2024",https://product-images.metro.ca/images/hd1/h5a/11257258180638.jpg,https://www.metro.ca/en/online-grocery/search-page-203
VAN HOUTTE,Espresso Italiano Ground Coffee,340 g,"$9.99
 ea.",,$2.94 /100g,"Regular price
$10.99  ea.","Valid until Feb 7, 2024",https://product-images.metro.ca/images/hea/hfe/11292778823710.jpg,https://www.metro.ca/en/online-grocery/search-page-203
VAN HOUTTE,"Medium Roast K-Cup Coffee Pods, Colombian",48 un,"$28.99
 ea.",,$0.60 /un.,,,,https://www.metro.ca/en/online-grocery/search-page-203
VAN HOUTTE,"Medium Roast K-Cup Coffee Pods, House Blend",48 un,"$28.99
 ea.",,$0.60 /un.,,,,https://www.metro.ca/en/online-grocery/search-page-203
VAN HOUTTE,Light Roast Amaretto Flavoured K-Cup Coffee Pods,12 cp,"$9.99
 ea.",,$0.83 /un.,"Regular price
$11.99  ea.","Valid until Feb 7, 2024",https://product-images.metro.ca/images/h64/hc1/11244177981470.jpg,https://www.metro.ca/en/online-grocery/search-page-203
YUM YUM,"Sundried Tomato And Basil Flavoured Vegetable Chips,...",150 g,"$4.79
 ea.",,$3.19 /100g,,,,https://www.metro.ca/en/online-grocery/search-page-203
YUM YUM,"5 Vegetables Triangle Chips, Viva",150 g,"$4.79
 ea.",,$3.19 /100g,,,,https://www.metro.ca/en/online-grocery/search-page-203
YUM YUM,"Chili And Lime Flavoured 5 Vegetables Sticks, Viva",150 g,"$4.79
 ea.",,$3.19 /100g,,,,https://www.metro.ca/en/online-grocery/search-page-203
YUM YUM,"5 Vegetables Sticks, Viva",150 g,"$4.79
 ea.",,$3.19 /100g,,,,https://www.metro.ca/en/online-grocery/search-page-203
SCRUBBING BUBBLES,Rainshower™ Scented Toilet Cleaning Gel,24 un,"$16.29
 ea.",,$0.68 /un.,,,https://product-images.metro.ca/images/hea/h5a/9751199318046.jpg,https://www.metro.ca/en/online-grocery/search-page-203
CHAPMAN'S,"Chocolate And Caramel Flavoured Ice Cream Cones, Yukon",5x140 mL,"$8.49
 ea.",,$6.06 /100ml,,,,https://www.metro.ca/en/online-grocery/search-page-203
GRAND PRÉ,2% UHT Milk,3x1 L,"$8.99
 ea.",,$0.30 /100ml,,,https://product-images.metro.ca/images/hb5/hb2/11679803441182.jpg,https://www.metro.ca/en/online-grocery/search-page-204
GRAND PRÉ,Barista 3.25% Ultra High Temperature Milk,1 L,"$4.19
 ea.",,$0.42 /100ml,,,https://product-images.metro.ca/images/hf5/hee/11205298257950.jpg,https://www.metro.ca/en/online-grocery/search-page-204
YUMYUM,"Caramelized Onion Flavoured Chips, Viva",140 g,"$4.79
 ea.",,$3.42 /100g,,,,https://www.metro.ca/en/online-grocery/search-page-204
YUMYUM,"Sea Salt Chips, Viva",140 g,"$4.79
 ea.",,$3.42 /100g,,,,https://www.metro.ca/en/online-grocery/search-page-204
YUMYUM,"Roasted Red Pepper Flavoured Chips, Viva",140 g,"$4.79
 ea.",,$3.42 /100g,,,,https://www.metro.ca/en/online-grocery/search-page-204
UNISOYA,Regular Tofu,1.25 kg,"$7.49
 ea.",,$0.60 /100g,,,https://www.metro.ca/images/shared/placeholders/icon-no-picture.svg?v=2023.71.1.d1,https://www.metro.ca/en/online-grocery/search-page-204
PERRIER,Peach And Cherry Flavoured Sparkling Water,300 mL,"$1.49
 ea.",,$0.45 /100ml,,,https://product-images.metro.ca/images/h2c/h94/9247873990686.jpg,https://www.metro.ca/en/online-grocery/search-page-204
PERRIER,Lemon And Guava Flavoured Sparkling Water,6x330 mL,"$9.99
 ea.",,$3.03 /100ml,,,https://product-images.metro.ca/images/h9d/ha0/11614557241374.jpg,https://www.metro.ca/en/online-grocery/search-page-204
AXE,Ice Chill 2 In 1 Shampoo And Conditioner,473 ml,"$6.49
 ea.",,$1.37 /100ml,,,https://product-images.metro.ca/images/ha2/h60/11570947784734.jpg,https://www.metro.ca/en/online-grocery/search-page-204
AXE,Black 2 In 1 Shampoo And Conditioner,473 ml,"$6.49
 ea.",,$1.37 /100ml,,,https://product-images.metro.ca/images/hb8/hdc/11728543612958.jpg,https://www.metro.ca/en/online-grocery/search-page-204
DOVE,"Dryness And Itch Relief Conditioner, Derma+Care",355 mL,"$7.49
 ea.",,$2.11 /100ml,,,,https://www.metro.ca/en/online-grocery/search-page-204
DOVE,"Anti-Dandruff, Dryness And Itch Relief Shampoo, Derm...",355 mL,"$7.49
 ea.",,$2.11 /100ml,,,,https://www.metro.ca/en/online-grocery/search-page-204
AXE,Extreme Hold Gel,170 g,"$8.49
 ea.",,$4.99 /100g,,,https://product-images.metro.ca/images/h16/hf5/11571052642334.jpg,https://www.metro.ca/en/online-grocery/search-page-204
DOVE,"2-In-1 Shampoo And Conditioner, Men+Care SportCare",355 mL,"$6.99
 ea.",,$1.97 /100ml,,,,https://www.metro.ca/en/online-grocery/search-page-204
DOVE,"Coconut And Pink Jasmine Scented Deodorant, 0% Aluminum",74 g,"$8.99
 ea.",,$12.15 /100g,,,,https://www.metro.ca/en/online-grocery/search-page-204
DOVE,"Green Tea And Cucumber Scented Deodorant, 0% Aluminum",74 g,"$8.99
 ea.",,$12.15 /100g,,,,https://www.metro.ca/en/online-grocery/search-page-204
DOVE,Caffeine And Menthol Enriched 2-In-1 Shampoo And Con...,750 mL,"$11.99
 ea.",,$1.60 /100ml,,,,https://www.metro.ca/en/online-grocery/search-page-204
BOLTHOUSE FARM,Pomegranate Juice,1.54 L,"$11.99
 ea.",,$0.78 /100ml,,,https://product-images.metro.ca/images/h73/hbe/12175022391326.jpg,https://www.metro.ca/en/online-grocery/search-page-204
SALAD STAND,Sweet Kale Chopped Salad Kit,340 g,"$5.99
 ea.",,$1.76 /100g,,,https://product-images.metro.ca/images/h7b/hba/11511732109342.jpg,https://www.metro.ca/en/online-grocery/search-page-204
BOLTHOUSE FARMS,Daily Greens™ Flavoured Fruit And Vegetable Juice,946 mL,"$6.99
 ea.",,$0.74 /100ml,,,https://product-images.metro.ca/images/he9/hcb/9452794478622.jpg,https://www.metro.ca/en/online-grocery/search-page-204
BOLTHOUSE FARM,Classic Ranch Flavoured Yogurt Dressing,355 mL,"$5.99
 ea.",,$1.69 /100ml,,,https://product-images.metro.ca/images/hc3/h9c/11478038085662.jpg,https://www.metro.ca/en/online-grocery/search-page-204
BOLTHOUSE FARM,Caesar Parmigiano Flavoured Yogurt Dressing,355 mL,"$5.99
 ea.",,$1.69 /100ml,,,https://product-images.metro.ca/images/h8d/hb5/11478037626910.jpg,https://www.metro.ca/en/online-grocery/search-page-204
DOLE,Chopped Hibachi Miso Salad Kit,270 g,"$5.99
 ea.",,$2.22 /100g,,,https://product-images.metro.ca/images/h5f/h1a/11643103346718.jpg,https://www.metro.ca/en/online-grocery/search-page-204
DOLE,Chopped Everything Caesar Salad Kit,301 g,"$5.99
 ea.",,$1.99 /100g,,,https://product-images.metro.ca/images/hc4/hf9/11670064005150.jpg,https://www.metro.ca/en/online-grocery/search-page-204
LOACKER,"Tortina Triple Dark Wafers, Gran Pasticceria",63 g,"$4.49
 ea.",,$7.13 /100g,,,,https://www.metro.ca/en/online-grocery/search-page-204
LOACKER,"Quadratini Peanut Butter Wafers, Quadratini",250 g,"$5.79
 ea.",,$2.32 /100g,"Regular price
$5.99  ea.","Valid until Jan 24, 2024",,https://www.metro.ca/en/online-grocery/search-page-204
LOACKER,Caramel Flavoured Tortina Wafers,63 g,"$4.49
 ea.",,$7.13 /100g,,,https://product-images.metro.ca/images/h08/h25/11162230030366.jpg,https://www.metro.ca/en/online-grocery/search-page-204
PANDA,Strawberry Flavoured Licorice,170 g,"$3.99
 ea.",,$2.35 /100g,,,https://product-images.metro.ca/images/h20/h50/10308106911774.jpg,https://www.metro.ca/en/online-grocery/search-page-204
PANDA,Raspberry Flavoured Licorice,170 g,"$3.99
 ea.",,$2.35 /100g,,,https://product-images.metro.ca/images/h7d/h57/10308108714014.jpg,https://www.metro.ca/en/online-grocery/search-page-204
TRY ME,Liquid Smoked Sauce,147 mL,"$5.79
 ea.",,$3.94 /100ml,,,https://product-images.metro.ca/images/h0c/h59/10020926914590.jpg,https://www.metro.ca/en/online-grocery/search-page-204
BRADSHAW,Wood Spoon,1 un,"$5.29
 ea.",,$5.29 /un.,,,https://product-images.metro.ca/images/hff/h06/9217971814430.jpg,https://www.metro.ca/en/online-grocery/search-page-205
BARILLA,Linguine Fini,410 g,"$3.49
 ea.",,$0.85 /100g,,,https://product-images.metro.ca/images/had/h94/12191907414046.jpg,https://www.metro.ca/en/online-grocery/search-page-205
BARILLA,Capellini Pasta,410 g,"$3.49
 ea.",,$0.85 /100g,,,https://product-images.metro.ca/images/h52/h54/11754298900510.jpg,https://www.metro.ca/en/online-grocery/search-page-205
BARILLA,Conchiglie,410 g,"$3.49
 ea.",,$0.85 /100g,,,https://product-images.metro.ca/images/h08/h4b/11714359722014.jpg,https://www.metro.ca/en/online-grocery/search-page-205
BARILLA,Spaghettoni Pasta,410 g,"$3.49
 ea.",,$0.85 /100g,,,https://product-images.metro.ca/images/hab/ha4/11351725146142.jpg,https://www.metro.ca/en/online-grocery/search-page-205
BARILLA,Pappardelle,450 g,"$4.49
 ea.",,$1.00 /100g,"Regular price
$5.49  ea.","Valid until Jan 24, 2024",https://product-images.metro.ca/images/hcf/h3b/12158555750430.jpg,https://www.metro.ca/en/online-grocery/search-page-205
BARILLA,Tagliatelle,450 g,"$4.49
 ea.",,$1.00 /100g,"Regular price
$5.49  ea.","Valid until Jan 24, 2024",https://product-images.metro.ca/images/h05/h63/12158555324446.jpg,https://www.metro.ca/en/online-grocery/search-page-205
CHARMIN,"2-Ply Bathroom Tissue, Ultra Strong",8 un,"$15.29
 ea.",,$1.91 /un.,,,,https://www.metro.ca/en/online-grocery/search-page-205
BOUNTY,2-Ply Paper Towels,2 un,"$9.99
 ea.",,$5.00 /un.,,,https://product-images.metro.ca/images/h71/h8d/11522047803422.jpg,https://www.metro.ca/en/online-grocery/search-page-205
DOWNY,"In-Wash Scent Booster Beads, Unstoppables",379 g,"$14.99
 ea.",,$3.96 /100g,,,,https://www.metro.ca/en/online-grocery/search-page-205
DOWNY,"Lush Scented In-Wash Scent Booster Beads, Unstoppables",379 g,"$14.99
 ea.",,$3.96 /100g,,,,https://www.metro.ca/en/online-grocery/search-page-205
DE CECCO,Pappardelle,500 g,"$4.49
 ea.",,$0.90 /100g,"Regular price
$5.29  ea.","Valid until Jan 24, 2024",https://product-images.metro.ca/images/h7e/h24/9516417220638.jpg,https://www.metro.ca/en/online-grocery/search-page-205
DE CECCO,Orzo Pasta,453 g,"$2.99
 ea.",,$0.66 /100g,"Regular price
$3.79  ea.","Valid until Jan 24, 2024",https://product-images.metro.ca/images/h28/ha0/11307229872158.jpg,https://www.metro.ca/en/online-grocery/search-page-205
TABASCO,Sweet-Spicy Sauce,256 mL,"$5.79
 ea.",,$2.26 /100ml,,,https://product-images.metro.ca/images/h5b/h18/11236612341790.jpg,https://www.metro.ca/en/online-grocery/search-page-205
PREMIÈRE MOISSON,Strawberry Jam,270 mL,"$6.99
 ea.",,$2.59 /100ml,,,https://product-images.metro.ca/images/h8b/haa/11541177663518.jpg,https://www.metro.ca/en/online-grocery/search-page-205
PREMIÈRE MOISSON,Ciabatta Half Baguette,180 g,"$2.49
 ea.",,$1.38 /100g,,,https://product-images.metro.ca/images/h80/hbe/11541170978846.jpg,https://www.metro.ca/en/online-grocery/search-page-205
PREMIÈRE MOISSON,Kalamata Olive Half Baguette,180 g,"$2.49
 ea.",,$1.38 /100g,,,https://product-images.metro.ca/images/h03/h57/11541169143838.jpg,https://www.metro.ca/en/online-grocery/search-page-205
PREMIÈRE MOISSON,"Fig, Dates And Molasses Half Baguette",180 g,"$2.49
 ea.",,$1.38 /100g,,,,https://www.metro.ca/en/online-grocery/search-page-205
PREMIÈRE MOISSON,Small Country Loaf,500 g,"$4.99
 ea.",,$1.00 /100g,,,https://product-images.metro.ca/images/h02/h9e/10997900148766.jpg,https://www.metro.ca/en/online-grocery/search-page-205
OCEAN SPRAY,Pink Cranberry Cocktail,1.89 L,"$5.49
 ea.",,$0.29 /100ml,,,https://product-images.metro.ca/images/h22/h27/10794087743518.jpg,https://www.metro.ca/en/online-grocery/search-page-205
OCEAN SPRAY,Tropical Flavoured Cranberry Juice,1.89 L,"$5.49
 ea.",,$0.29 /100ml,,,https://product-images.metro.ca/images/h38/h83/10794088726558.jpg,https://www.metro.ca/en/online-grocery/search-page-205
P.F.CHANG'S,Teriyaki Sauce,350 mL,"$4.99
 ea.",,$1.43 /100ml,"Regular price
$5.99  ea.","Valid until Jan 24, 2024",https://product-images.metro.ca/images/h2d/hee/12175915089950.jpg,https://www.metro.ca/en/online-grocery/search-page-205
P.F.CHANG'S,Sesame Sauce,350 mL,"$4.99
 ea.",,$1.43 /100ml,"Regular price
$5.99  ea.","Valid until Jan 24, 2024",https://product-images.metro.ca/images/h78/h06/12175915352094.jpg,https://www.metro.ca/en/online-grocery/search-page-205
P.F.CHANG'S,Kung Pao Sauce,350 mL,"$4.99
 ea.",,$1.43 /100ml,"Regular price
$5.99  ea.","Valid until Jan 24, 2024",https://product-images.metro.ca/images/h3f/h6b/12175918301214.jpg,https://www.metro.ca/en/online-grocery/search-page-205
P.F.CHANG'S,Sweet Chili Sauce,350 mL,"$4.99
 ea.",,$1.43 /100ml,"Regular price
$5.99  ea.","Valid until Jan 24, 2024",https://product-images.metro.ca/images/hb2/haa/12175921414174.jpg,https://www.metro.ca/en/online-grocery/search-page-205
SILK,Dark Chocolate And Almond Beverage,946 mL,"$3.39
 ea.",,$0.36 /100ml,,,https://product-images.metro.ca/images/hc4/hdb/10529611743262.jpg,https://www.metro.ca/en/online-grocery/search-page-205
TOFURKY,Italian Style Tofu Sausages,397 g,"$9.99
 ea.",,$2.52 /100g,,,https://product-images.metro.ca/images/h62/h92/12174886797342.jpg,https://www.metro.ca/en/online-grocery/search-page-205
FOLGERS,Ground Blonde Silk Coffee,641 g,"$15.99
 ea.",,$2.49 /100g,,,https://product-images.metro.ca/images/he5/h20/11401420210206.jpg,https://www.metro.ca/en/online-grocery/search-page-205
FOLGERS,Hazelnut Cream K-Cup Coffee Capsule,30 un,"$18.99
 ea.",,$7.03 /100g,"Regular price
$19.99  ea.","Valid until Feb 7, 2024",https://product-images.metro.ca/images/h27/h9f/11521832386590.jpg,https://www.metro.ca/en/online-grocery/search-page-205
FOLGERS,Classic Roast Ground Coffee,272 g,"$6.99
 ea.",,$2.57 /100g,"Regular price
$8.29  ea.","Valid until Feb 7, 2024",https://product-images.metro.ca/images/h10/h15/11205210177566.jpg,https://www.metro.ca/en/online-grocery/search-page-205
LA CROIX,LimoncelloFlavoured Sparkling Water,8x355 mL,"$6.29
 ea.",,$1.77 /100ml,,,https://product-images.metro.ca/images/hf8/h06/10454975447070.jpg,https://www.metro.ca/en/online-grocery/search-page-206
LA CROIX,Black Razzberry Flavoured Sparkling Water,8x355 mL,"$6.29
 ea.",,$1.77 /100ml,,,https://product-images.metro.ca/images/h13/h11/12259526934558.jpg,https://www.metro.ca/en/online-grocery/search-page-206
NABOB,100% Colombian Coffee T Discs,28 un,"$15.99
 ea.",,$0.57 /un.,,,https://product-images.metro.ca/images/h27/hdc/9354731028510.jpg,https://www.metro.ca/en/online-grocery/search-page-206
MASTRO,Genoa Salami,375 g,"$15.99
 ea.",,$4.26 /100g,,,https://product-images.metro.ca/images/h1c/h10/11899473657886.jpg,https://www.metro.ca/en/online-grocery/search-page-206
,Local Small Red Potatoes,3 lb,"$2.99
 ea.",,$0.22 /100g,,,https://product-images.metro.ca/images/h09/h97/9311201099806.jpg,https://www.metro.ca/en/online-grocery/search-page-206
SELECTION,"Apple Scented Vinegar All-Purpose Cleaner, Eco",950 mL,"$4.99
 ea.",,$0.53 /100ml,,,,https://www.metro.ca/en/online-grocery/search-page-206
SELECTION,"Citrus Scented Vinegar All-Purpose Cleaner, Eco",950 mL,"$4.99
 ea.",,$0.53 /100ml,,,,https://www.metro.ca/en/online-grocery/search-page-206
IRRESISTIBLES,Sesame Seeds Hot Dog Buns,8 un,"$4.99
 ea.",,$0.62 /un.,,,https://product-images.metro.ca/images/hea/hf1/9452774588446.jpg,https://www.metro.ca/en/online-grocery/search-page-206
IRRESISTIBLES,Chocolaty Waffle Ice Cream Cones,12 un,"$5.49
 ea.",,$5.49 /un.,,,https://product-images.metro.ca/images/hbc/h66/9551067283486.jpg,https://www.metro.ca/en/online-grocery/search-page-206
LIFE SMART,"Pear And White Wine Dressing, Naturalia",250 mL,"$2.99
 ea.",,$1.20 /100ml,"Regular price
$3.29  ea.","Valid until Jan 24, 2024",,https://www.metro.ca/en/online-grocery/search-page-206
LIFE SMART,"Sun-Dried Tomatoes Italian Dressing, Naturalia",250 mL,"$2.99
 ea.",,$1.20 /100ml,"Regular price
$3.29  ea.","Valid until Jan 24, 2024",,https://www.metro.ca/en/online-grocery/search-page-206
LIFE SMART,"Grapefruit And Pink Pepper Dressing, Naturalia",250 mL,"$2.99
 ea.",,$1.20 /100ml,"Regular price
$3.29  ea.","Valid until Jan 24, 2024",,https://www.metro.ca/en/online-grocery/search-page-206
SELECTION,Vanilla Loaf Cake Slices,420 g,"$6.49
 ea.",,$1.55 /100g,,,https://product-images.metro.ca/images/haa/hca/9651977945118.jpg,https://www.metro.ca/en/online-grocery/search-page-206
SELECTION,Rapsberry Loaf Cake Slices,420 g,"$6.49
 ea.",,$1.55 /100g,,,https://product-images.metro.ca/images/h01/hc2/9512655781918.jpg,https://www.metro.ca/en/online-grocery/search-page-206
SELECTION,Chocolate Marble Loaf Cake Slices,420 g,"$6.49
 ea.",,$1.55 /100g,,,https://product-images.metro.ca/images/hef/h1c/9651997179934.jpg,https://www.metro.ca/en/online-grocery/search-page-206
SELECTION,"Cherry, Lemon And Raspberry Flavoured Ice Pops",12x75 mL,"$5.49
 ea.",,$0.61 /100ml,,,https://product-images.metro.ca/images/he6/h22/11521596588062.jpg,https://www.metro.ca/en/online-grocery/search-page-206
SELECTION,"Banana Flavoured Ice Pops, Bananahh !",12x75 mL,"$5.49
 ea.",,$0.61 /100ml,,,,https://www.metro.ca/en/online-grocery/search-page-206
SELECTION,Lemon Loaf Cake Slices,420 g,"$6.49
 ea.",,$1.55 /100g,,,https://product-images.metro.ca/images/h31/h7f/9651999506462.jpg,https://www.metro.ca/en/online-grocery/search-page-206
IRRESISTIBLES,Non-Alcoholic IPA Beer,6x355 mL - cans,"$9.49
 ea.",,$0.45 /100ml,"Regular price
$10.49  ea.","Valid until Feb 7, 2024",https://product-images.metro.ca/images/h0b/hfb/9551558541342.jpg,https://www.metro.ca/en/online-grocery/search-page-206
SELECTION,De-Alcoholised Red Beer,12x355 mL - cans,"$8.49
 ea.",,$0.20 /100ml,,,https://product-images.metro.ca/images/hff/h42/9534801281054.jpg,https://www.metro.ca/en/online-grocery/search-page-206
IRRESISTIBLES,Non-Alcoholic White Beer,6x355 mL - cans,"$9.49
 ea.",,$0.45 /100ml,"Regular price
$10.49  ea.","Valid until Feb 7, 2024",https://product-images.metro.ca/images/h9e/h36/9551366586398.jpg,https://www.metro.ca/en/online-grocery/search-page-206
SELECTION,Frozen Vegetable Fries,500 g,"$4.99
 ea.",,$1.00 /100g,,,https://product-images.metro.ca/images/hf7/haf/9653761376286.jpg,https://www.metro.ca/en/online-grocery/search-page-206
SELECTION,Marble And Golden Duo Cake Slices,600 g,"$7.99
 ea.",,$1.33 /100g,,"Valid until Jan 17, 2024",https://product-images.metro.ca/images/h67/h27/9670523682846.jpg,https://www.metro.ca/en/online-grocery/search-page-206
LIFE SMART,"Caesar Dressing, Plant-Based",350 mL,"$3.99
 ea.",,$1.14 /100ml,"Regular price
$4.49  ea.","Valid until Jan 24, 2024",,https://www.metro.ca/en/online-grocery/search-page-206
LIFE SMART,"Ranch Dressing, Plant-Based",350 mL,"$3.99
 ea.",,$1.14 /100ml,"Regular price
$4.49  ea.","Valid until Jan 24, 2024",,https://www.metro.ca/en/online-grocery/search-page-206
LIFE SMART,"Chipotle Dressing, Plant-Based",350 mL,"$3.99
 ea.",,$1.14 /100ml,"Regular price
$4.49  ea.","Valid until Jan 24, 2024",,https://www.metro.ca/en/online-grocery/search-page-206
IRRESISTIBLES,Frozen Pulled Pork Bowl,300 g,"$3.69
 ea.",,$1.23 /100g,,,https://product-images.metro.ca/images/hdc/h65/9950384816158.jpg,https://www.metro.ca/en/online-grocery/search-page-206
LIFE SMART,"Frozen Whole Kernel Corn, Organic",500 g,"$5.49
 ea.",,$1.10 /100g,,,,https://www.metro.ca/en/online-grocery/search-page-206
LIFE SMART,"Frozen Peas, Organic",500 g,"$5.49
 ea.",,$1.10 /100g,,,,https://www.metro.ca/en/online-grocery/search-page-206
SELECTION,Bathroom Cleaner With Bleach,950 mL,"$3.19
 ea.",,$0.34 /100ml,,,https://product-images.metro.ca/images/h3c/hb9/9773911736350.jpg,https://www.metro.ca/en/online-grocery/search-page-206
SELECTION,Antibacterial Toilet Bowl Cleaner,710 mL,"$3.19
 ea.",,$0.45 /100ml,,,https://product-images.metro.ca/images/ha2/hf2/9773964984350.jpg,https://www.metro.ca/en/online-grocery/search-page-207
SELECTION,"Biodegradable Toilet Bowl Cleaner, Eco",710 mL,"$3.19
 ea.",,$0.45 /100ml,,,,https://www.metro.ca/en/online-grocery/search-page-207
SELECTION,"Biodegradable Bathroom Cleaner, Eco",946 mL,"$3.19
 ea.",,$0.34 /100ml,,,,https://www.metro.ca/en/online-grocery/search-page-207
LIFE SMART,Reduced Fat Coleslaw Dressing,475 mL,"$2.99
 ea.",,$0.63 /100ml,"Regular price
$3.49  ea.","Valid until Jan 24, 2024",https://product-images.metro.ca/images/h42/h53/9694158716958.jpg,https://www.metro.ca/en/online-grocery/search-page-207
SELECTION,All-In-One Dishwasher Detergent Tabs,90 un,"$12.99
 ea.",,$0.14 /un.,,,https://product-images.metro.ca/images/hf8/h34/9873344004126.jpg,https://www.metro.ca/en/online-grocery/search-page-207
SELECTION,All-In-One Dishwasher Detergent Tabs,48 un,"$12.99
 ea.",,$0.27 /un.,,,https://product-images.metro.ca/images/hac/h0a/9873253597214.jpg,https://www.metro.ca/en/online-grocery/search-page-207
LIFE SMART,"Frozen Beef Burgers, Naturalia",768 g,"$15.99
 ea.",,$2.08 /100g,,,,https://www.metro.ca/en/online-grocery/search-page-207
IRRESISTIBLES,Emmental Cheese Slices,370 g,"$12.99
 ea.",,$3.51 /100g,,,https://product-images.metro.ca/images/h79/h14/10823213056030.jpg,https://www.metro.ca/en/online-grocery/search-page-207
IRRESISTIBLES,"Carrot Cheesecake, Fusion",720 g,"$22.49
 ea.",,$3.12 /100g,,,,https://www.metro.ca/en/online-grocery/search-page-207
IRRESISTIBLES,"Red Velvet Cake, Fusion",560 g,"$22.49
 ea.",,$4.02 /100g,,,,https://www.metro.ca/en/online-grocery/search-page-207
IRRESISTIBLES,"Key Lime Cake, Fusion",590 g,"$22.49
 ea.",,$3.81 /100g,,,,https://www.metro.ca/en/online-grocery/search-page-207
IRRESISTIBLES,"Choco-Hazelnut Cake, Fusion",630 g,"$22.49
 ea.",,$3.57 /100g,,,,https://www.metro.ca/en/online-grocery/search-page-207
SELECTION,Vanilla And Confetti Cupcakes,284 g,"$5.99
 ea.",,$2.11 /100g,,,https://product-images.metro.ca/images/hf6/h50/10465613316126.jpg,https://www.metro.ca/en/online-grocery/search-page-207
SELECTION,"Chicken Wieners, Value Pack",900 g,"$5.77
 ea.",,$0.64 /100g,,,,https://www.metro.ca/en/online-grocery/search-page-207
SELECTION,"Wieners, Value Pack",900 g,"$7.77
 ea.",,$0.86 /100g,,,,https://www.metro.ca/en/online-grocery/search-page-207
IRRESISTIBLES,Maple And Brown Sugar BBQ Sauce,350 mL,"$4.99
 ea.",,$1.43 /100ml,"Regular price
$5.99  ea.","Valid until Jan 24, 2024",https://product-images.metro.ca/images/ha4/h61/12175211593758.jpg,https://www.metro.ca/en/online-grocery/search-page-207
IRRESISTIBLES,Peach And Aged Cayenne BBQ Sauce,350 mL,"$4.99
 ea.",,$1.43 /100ml,"Regular price
$5.99  ea.","Valid until Jan 24, 2024",https://product-images.metro.ca/images/h13/h65/12175207464990.jpg,https://www.metro.ca/en/online-grocery/search-page-207
IRRESISTIBLES,Red Jalapeño BBQ Sauce,350 mL,"$4.99
 ea.",,$1.43 /100ml,"Regular price
$5.99  ea.","Valid until Jan 24, 2024",https://product-images.metro.ca/images/h03/h01/12175211233310.jpg,https://www.metro.ca/en/online-grocery/search-page-207
SELECTION,Cooked Turkey Breast,400 g,"$12.49
 ea.",,$3.12 /100g,,,https://product-images.metro.ca/images/h8f/h53/11521769209886.jpg,https://www.metro.ca/en/online-grocery/search-page-207
SELECTION,Cooked Shaved Ham,400 g,"$10.99
 ea.",,$2.75 /100g,,,https://product-images.metro.ca/images/h23/h31/11521772683294.jpg,https://www.metro.ca/en/online-grocery/search-page-207
IRRESISTIBLES,Intense Roast Espresso Oro Coffee Beans,907 g,"$14.99
 ea.",,$1.65 /100g,,,https://product-images.metro.ca/images/h16/h7a/11521787265054.jpg,https://www.metro.ca/en/online-grocery/search-page-207
IRRESISTIBLES,Dark Roast Italian Blend Coffee Beans,907 g,"$14.99
 ea.",,$1.65 /100g,,,https://product-images.metro.ca/images/h6d/h99/11521786085406.jpg,https://www.metro.ca/en/online-grocery/search-page-207
SELECTION,BBQ Sauce,320 mL,"$1.99
 ea.",,$0.62 /100ml,,,https://product-images.metro.ca/images/h53/h60/11521842151454.jpg,https://www.metro.ca/en/online-grocery/search-page-207
SELECTION,BBQ Sauce,320 mL,"$1.99
 ea.",,$0.62 /100ml,,,https://product-images.metro.ca/images/hcc/h96/11521839562782.jpg,https://www.metro.ca/en/online-grocery/search-page-207
SELECTION,Chopped Cooked Ham,400 g,"$10.99
 ea.",,$2.75 /100g,,,https://product-images.metro.ca/images/hf1/ha2/11244111986718.jpg,https://www.metro.ca/en/online-grocery/search-page-207
LIFE SMART,"Dark Roast Italian Blend Organic Coffee Beans, Organic",454 g,"$10.99
 ea.",,$2.42 /100g,"Regular price
$13.99  ea.","Valid until Feb 7, 2024",,https://www.metro.ca/en/online-grocery/search-page-207
LIFE SMART,"Medium House Blend Organic Coffee Beans, Organic",454 g,"$10.99
 ea.",,$2.42 /100g,"Regular price
$13.99  ea.","Valid until Feb 7, 2024",,https://www.metro.ca/en/online-grocery/search-page-207
IRRESISTIBLES,"European Style Pepperoni Sticks, Artisan",300 g,"$8.99
 ea.",,$3.00 /100g,,,,https://www.metro.ca/en/online-grocery/search-page-207
LIFE SMART,"Vegan Italian Sausages, Naturalia",352 g,"$6.99
 ea.",,$1.99 /100g,,,,https://www.metro.ca/en/online-grocery/search-page-207
LIFE SMART,"Smoked Cheddar Cheese Vegetarian Sausages, Naturalia",352 g,"$6.99
 ea.",,$1.99 /100g,,,,https://www.metro.ca/en/online-grocery/search-page-207
SELECTION,2-Ply Facial Tissue,12x126 un,"$12.99
 ea.",,$1.08 /un.,,,https://product-images.metro.ca/images/h89/h99/11521855750174.jpg,https://www.metro.ca/en/online-grocery/search-page-208
SELECTION,3-Ply Bathroom Tissue,8 un,"$8.79
 ea.",,$1.10 /un.,,,https://product-images.metro.ca/images/h71/h38/11449750945822.jpg,https://www.metro.ca/en/online-grocery/search-page-208
IRRESISTIBLES,Green Tea Bags,20 un,"$2.99
 ea.",,$12.46 /100g,"Regular price
$3.79  ea.","Valid until Jan 10, 2024",https://product-images.metro.ca/images/hd8/h6d/11122452037662.jpg,https://www.metro.ca/en/online-grocery/search-page-208
IRRESISTIBLES,Lemon And Ginger Herbal Tea Bags,18 un,"$2.99
 ea.",,$0.17 /un.,"Regular price
$3.79  ea.","Valid until Jan 10, 2024",https://product-images.metro.ca/images/hd6/h34/11521966014494.jpg,https://www.metro.ca/en/online-grocery/search-page-208
LIFE SMART,"Medium Roast House Blend Ground Coffee, Organic",284 g,"$7.99
 ea.",,$2.81 /100g,,,,https://www.metro.ca/en/online-grocery/search-page-208
LIFE SMART,"Dark Roast Italian Blend Ground Coffee, Organic",284 g,"$7.99
 ea.",,$2.81 /100g,,,,https://www.metro.ca/en/online-grocery/search-page-208
SELECTION,Mini Powdered Sugar Donuts,400 g,"$6.99
 ea.",,$1.75 /100g,,"Valid until Jan 17, 2024",https://product-images.metro.ca/images/h2e/hf0/11522145976350.jpg,https://www.metro.ca/en/online-grocery/search-page-208
DEL MONTE,Southwest Style Corn Medley,398 mL,"$3.29
 ea.",,$0.83 /100ml,,,https://product-images.metro.ca/images/hdd/ha4/9523692503070.jpg,https://www.metro.ca/en/online-grocery/search-page-208
DEL MONTE,Mediterranean Style Corn Medley,398 mL,"$3.29
 ea.",,$0.83 /100ml,,,https://product-images.metro.ca/images/h69/h26/9730858745886.jpg,https://www.metro.ca/en/online-grocery/search-page-208
DEL MONTE,Mexican Style Corn Medley,398 mL,"$3.29
 ea.",,$0.83 /100ml,,,https://product-images.metro.ca/images/haa/h26/9523692929054.jpg,https://www.metro.ca/en/online-grocery/search-page-208
DEL MONTE,Verry Cherry™ Fruit Salad Cups In Light Syrup,20x112.5 mL,"$14.99
 ea.",,$0.67 /100ml,,,https://product-images.metro.ca/images/h27/h0a/10309924618270.jpg,https://www.metro.ca/en/online-grocery/search-page-208
DEL MONTE,Orchard Peaches Cups In Light Syrup,20x112.5 mL,"$14.99
 ea.",,$0.67 /100ml,,,https://product-images.metro.ca/images/h1e/hcd/10309923864606.jpg,https://www.metro.ca/en/online-grocery/search-page-208
DEL MONTE,Diced Beets,398 mL,"$3.29
 ea.",,$0.83 /100ml,,,https://product-images.metro.ca/images/ha1/h2a/9658290536478.jpg,https://www.metro.ca/en/online-grocery/search-page-208
DEL MONTE,Shredded Celery Roots,398 mL,"$3.29
 ea.",,$0.83 /100ml,,,https://product-images.metro.ca/images/h12/he3/9658274840606.jpg,https://www.metro.ca/en/online-grocery/search-page-208
DEL MONTE,Shredded Carrots,398 mL,"$3.29
 ea.",,$0.83 /100ml,,,https://product-images.metro.ca/images/h20/h56/9658278871070.jpg,https://www.metro.ca/en/online-grocery/search-page-208
SAN DANIELE,Prosciutto Ham,200 g,"$12.99
 ea.",,$6.50 /100g,,,https://product-images.metro.ca/images/hbf/h90/11817058566174.jpg,https://www.metro.ca/en/online-grocery/search-page-208
SAN DANIELE,Smoked Prosciutto,100 g,"$6.49
 ea.",,$6.49 /100g,"Regular price
$7.49  ea.","Valid until Jan 17, 2024",https://product-images.metro.ca/images/hae/ha0/11721446195230.jpg,https://www.metro.ca/en/online-grocery/search-page-208
DEL MONTE,Diced Pears Fruit Cup,2.14 l,"$14.99
 ea.",,$0.70 /100ml,,,https://product-images.metro.ca/images/hd3/h21/11090228871198.jpg,https://www.metro.ca/en/online-grocery/search-page-208
DEL MONTE,Orchard Peach Fruit Cup,2.14 L,"$14.99
 ea.",,$0.70 /100ml,,,https://product-images.metro.ca/images/he3/h70/11117447577630.jpg,https://www.metro.ca/en/online-grocery/search-page-208
MIRAGE,Lemon Squeezer,1 un,"$6.99
 ea.",,$6.99 /un.,,,https://product-images.metro.ca/images/h75/h26/11073320878110.jpg,https://www.metro.ca/en/online-grocery/search-page-208
MIRAGE,Bamboo Skewer 8 Inches,100 un,"$1.79
 ea.",,$1.79 /un.,,,https://product-images.metro.ca/images/h5f/h26/11521659830302.jpg,https://www.metro.ca/en/online-grocery/search-page-208
MIRAGE,Butcher Cord,1 un,"$2.99
 ea.",,$2.99 /un.,,,https://product-images.metro.ca/images/ha4/hb4/11521712881694.jpg,https://www.metro.ca/en/online-grocery/search-page-208
LAITERIE DE COATICOOK LTÉE,Frozen Ice Cream Yule Log,1.5 L,"$9.29
 ea.",,$0.62 /100ml,,,https://product-images.metro.ca/images/he2/hd4/10263443603486.jpg,https://www.metro.ca/en/online-grocery/search-page-208
MIRAGE,Medium Rubber Gloves,1 un,"$2.29
 ea.",,$2.29 /un.,,,https://product-images.metro.ca/images/hb1/h47/11521948647454.jpg,https://www.metro.ca/en/online-grocery/search-page-208
MIRAGE,Tealights,10 un,"$2.99
 ea.",,$2.99 /un.,,,https://product-images.metro.ca/images/h5c/haf/11073453522974.jpg,https://www.metro.ca/en/online-grocery/search-page-208
MIRAGE,Extra Large Rubber Gloves,1 un,"$2.29
 ea.",,$2.29 /un.,,,https://product-images.metro.ca/images/h6b/hb9/11521942880286.jpg,https://www.metro.ca/en/online-grocery/search-page-208
MIRAGE,Fondue Forks,1 un,"$3.99
 ea.",,$3.99 /un.,,,https://product-images.metro.ca/images/h9b/h96/11073433763870.jpg,https://www.metro.ca/en/online-grocery/search-page-208
MIRAGE,Beer Cups With Pong Balls,1x12 cups,"$7.29
 ea.",,$7.29 /un.,,,https://product-images.metro.ca/images/ha8/hab/11073270349854.jpg,https://www.metro.ca/en/online-grocery/search-page-208
MIRAGE,Stainless Steel Colander 7 Cm,1 un,"$2.59
 ea.",,$2.59 /un.,,,https://product-images.metro.ca/images/h4d/h68/11073320910878.jpg,https://www.metro.ca/en/online-grocery/search-page-208
MIRAGE,Bag Clips,3 un,"$2.99
 ea.",,$1.00 /un.,,,https://product-images.metro.ca/images/h10/hc6/11073315340318.jpg,https://www.metro.ca/en/online-grocery/search-page-208
MIRAGE,Long Handle Can Opener,1 un,"$3.59
 ea.",,$3.59 /un.,,,https://product-images.metro.ca/images/h70/h35/11073339588638.jpg,https://www.metro.ca/en/online-grocery/search-page-209
MIRAGE,"Resuable Plastic Straw, 23 Cm",20 un,"$3.29
 ea.",,$0.16 /un.,,,,https://www.metro.ca/en/online-grocery/search-page-209
MIRAGE,Bamboo Toothpick,400 un,"$3.29
 ea.",,$0.01 /un.,,,https://www.metro.ca/images/shared/placeholders/icon-no-picture.svg?v=2023.71.1.d1,https://www.metro.ca/en/online-grocery/search-page-209
MIRAGE,Wine Bottle Opener,1 un,"$5.49
 ea.",,$5.49 /un.,,,https://www.metro.ca/images/shared/placeholders/icon-no-picture.svg?v=2023.71.1.d1,https://www.metro.ca/en/online-grocery/search-page-209
MIRAGE,20 Cm Resuable Plastic Straw,20 un,"$1.99
 ea.",,$0.10 /un.,,,https://product-images.metro.ca/images/hb1/h47/11764138606622.jpg,https://www.metro.ca/en/online-grocery/search-page-209
PURE PROTEIN,Chocolate Flavoured Gluten Free Protein Bar,6x50 g,"$9.99
 ea.",,$3.33 /100g,,,https://product-images.metro.ca/images/h0a/h26/12210195038238.jpg,https://www.metro.ca/en/online-grocery/search-page-209
COCA COLA,Zero Sugar Soft Drink,500 mL,"$2.99
 ea.",,$0.60 /100ml,,,https://product-images.metro.ca/images/h35/h7e/12259007201310.jpg,https://www.metro.ca/en/online-grocery/search-page-209
SALADA,Orange Pekoe Tea,144 un,"$9.99
 ea.",,$0.07 /un.,,,https://product-images.metro.ca/images/h1f/hd8/9644800737310.jpg,https://www.metro.ca/en/online-grocery/search-page-209
LACTANTIA,"2% Milk, UltraPur",1.5 L,"$6.29
 ea.",,$0.42 /100ml,,,,https://www.metro.ca/en/online-grocery/search-page-209
CRACKER BARREL,Italiano Shredded 4 Cheese Blend,320 g,"$9.99
 ea.",,$3.12 /100g,,,https://product-images.metro.ca/images/h84/h00/10101133869086.jpg,https://www.metro.ca/en/online-grocery/search-page-209
P'TIT QUÉBEC,Light Very Mild Cheddar Cheese Snacks,168 g,"$6.99
 ea.",,$4.16 /100g,,,https://product-images.metro.ca/images/hba/h1a/9963375493150.jpg,https://www.metro.ca/en/online-grocery/search-page-209
CRACKER BARREL,Light Shredded Tex Mex Cheese Blend,320 g,"$9.99
 ea.",,$3.12 /100g,,,https://product-images.metro.ca/images/h06/h77/10101142945822.jpg,https://www.metro.ca/en/online-grocery/search-page-209
P'TIT QUÉBEC,Poutine Cheese Curds,200 g,"$6.99
 ea.",,$3.50 /100g,,,https://product-images.metro.ca/images/h27/h21/9691542126622.jpg,https://www.metro.ca/en/online-grocery/search-page-209
LACTANTIA,"0% Skim Milk, UltraPur",1.5 L,"$6.29
 ea.",,$0.42 /100ml,,,,https://www.metro.ca/en/online-grocery/search-page-209
LACTANTIA,"3.25% Homogenized Milk, UltraPur",1.5 L,"$6.29
 ea.",,$0.42 /100ml,,,,https://www.metro.ca/en/online-grocery/search-page-209
AMOOZA,Pizza Mozzarella Cheese Sticks,228 g,"$7.99
 ea.",,$3.50 /100g,,,https://product-images.metro.ca/images/h8d/hff/11565918552094.jpg,https://www.metro.ca/en/online-grocery/search-page-209
KRAFT,Parmesan Grated Cheese,125 g,"$6.79
 ea.",,$5.43 /100kg,,,https://product-images.metro.ca/images/h4d/h45/11432948760606.jpg,https://www.metro.ca/en/online-grocery/search-page-209
JOIE,Mushroom Brush,1 un,"$2.99
 ea.",,$2.99 /un.,,,https://product-images.metro.ca/images/h5b/hf9/10265398181918.jpg,https://www.metro.ca/en/online-grocery/search-page-209
JOIE,Wine Watcher,6 un,"$4.99
 ea.",,$4.99 /un.,,,https://product-images.metro.ca/images/h4d/h11/9289327673374.jpg,https://www.metro.ca/en/online-grocery/search-page-209
JOIE,"Kitchen Timer, Meow",1 un,"$5.99
 ea.",,$5.99 /un.,,,,https://www.metro.ca/en/online-grocery/search-page-209
JOIE,Ice Tray,1 un,"$4.49
 ea.",,$4.49 /un.,,,https://product-images.metro.ca/images/he8/hcb/9288603893790.jpg,https://www.metro.ca/en/online-grocery/search-page-209
JOIE,Hoot Tea Infuser,1 un,"$4.99
 ea.",,$4.99 /un.,,,https://product-images.metro.ca/images/he3/h44/10073625002014.jpg,https://www.metro.ca/en/online-grocery/search-page-209
PINTY'S,Frozen Buffalo Chicken Wings,780 g,"$19.99
 ea.",,$2.56 /100g,"Regular price
$22.99  ea.","Valid until Jan 17, 2024",https://product-images.metro.ca/images/h2e/h31/12175373008926.jpg,https://www.metro.ca/en/online-grocery/search-page-209
PINTY'S,Frozen Bold BBQ Chicken Wings,780 g,"$19.99
 ea.",,$2.56 /100g,"Regular price
$22.99  ea.","Valid until Jan 17, 2024",https://product-images.metro.ca/images/h09/hb8/12175373795358.jpg,https://www.metro.ca/en/online-grocery/search-page-209
PINTY'S,Frozen Gluten-Free Breaded Chicken Strips,790 g,"$14.99
 ea.",,$1.90 /100g,"Regular price
$16.99  ea.","Valid until Jan 17, 2024",https://product-images.metro.ca/images/h49/hef/12175374450718.jpg,https://www.metro.ca/en/online-grocery/search-page-209
PINTY'S,Frozen Salt And Pepper Chicken Wings,780 g,"$19.99
 ea.",,$2.56 /100g,"Regular price
$22.99  ea.","Valid until Jan 17, 2024",https://product-images.metro.ca/images/h31/hed/12175372484638.jpg,https://www.metro.ca/en/online-grocery/search-page-209
PINTY'S,Frozen Gluten Free Breaded Chicken Burgers,765 g,"$14.99
 ea.",,$1.96 /100g,"Regular price
$16.99  ea.","Valid until Jan 17, 2024",https://product-images.metro.ca/images/hcd/h7e/12175371010078.jpg,https://www.metro.ca/en/online-grocery/search-page-209
ALEXIS DE PORTNEUF,"Swiss,Cheddar And Cantonnier Fondue",300 g,"$12.49
 ea.",,$4.16 /100g,"Regular price
$13.99  ea.","Valid until Jan 17, 2024",https://product-images.metro.ca/images/h07/hb0/11937283211294.jpg,https://www.metro.ca/en/online-grocery/search-page-209
,"Chicken Legs Without Back, Value Pack",6 legs per tray,"$14.85
 avg. ea.","(1,350 g avg.)",$11.00 /kg$4.99 /lb.,,,https://product-images.metro.ca/images/h30/h46/9249590968350.jpg,https://www.metro.ca/en/online-grocery/search-page-209
METROGO!,Breaded Chicken Drumsticks,5 drumsticks per tray,"$6.38
 avg. ea.",(500 g avg.),$12.76 /kg$5.79 /lb.,,,https://product-images.metro.ca/images/h2d/h5e/9249709981726.jpg,https://www.metro.ca/en/online-grocery/search-page-209
METROGO!,Shrimp And Pesto Trout Fillet,,"$13.22
 avg. ea.",(200 g avg.),$44.07 /kg$19.99 /lb.,,,https://product-images.metro.ca/images/h11/h35/12216205836318.jpg,https://www.metro.ca/en/online-grocery/search-page-210
METROGO!,"Seasoned Center Cut Pork Chops, Hotel Cut",2 per tray,"$13.60
 avg. ea.",(650 g avg.),$20.92 /kg$9.49 /lb.,,,,https://www.metro.ca/en/online-grocery/search-page-210
TWISTED TEA,Original Flavoured Alcoholic Malt Iced Tea,6x355 mL,"$12.99
 ea.",,$0.61 /100ml,"Regular price
$13.99  ea.","Valid until Feb 7, 2024",https://product-images.metro.ca/images/h03/h51/11817041231902.jpg,https://www.metro.ca/en/online-grocery/search-page-210
MESTEMACHER,Protein Bread,250 g,"$6.49
 ea.",,$2.60 /100g,,,https://product-images.metro.ca/images/hab/h5f/9651886456862.jpg,https://www.metro.ca/en/online-grocery/search-page-210
FRE,Dealcoholized American White Wine,750 mL - bottle,"$11.99
 ea.",,$1.60 /100ml,,,https://product-images.metro.ca/images/h34/h0d/11449706315806.jpg,https://www.metro.ca/en/online-grocery/search-page-210
PAPADOPOULOS,"Hazelnut And Cocoa Flavoured Rolled Wafers, Caprice",115 g,"$3.99
 ea.",,$3.47 /100g,,,,https://www.metro.ca/en/online-grocery/search-page-210
PAPADOPOULOS,"Wafer Rolls With Dark Chocolate Flavoured Filling, C...",115 g,"$3.99
 ea.",,$3.47 /100g,,,,https://www.metro.ca/en/online-grocery/search-page-210
PAPADOPOULOS,"Vanilla Flavoured Roll Wafer Cookie, Caprice",115 g,"$3.99
 ea.",,$3.47 /100g,,,,https://www.metro.ca/en/online-grocery/search-page-210
STIRRINGS,Old Fashioned Cocktail Mix,750 mL,"$8.99
 ea.",,$1.20 /100ml,"Regular price
$9.99  ea.","Valid until Feb 7, 2024",https://product-images.metro.ca/images/h72/h1c/10804177993758.jpg,https://www.metro.ca/en/online-grocery/search-page-210
TRULY SELTZER,Pineapple Flavoured Alcoholic Malt Beverage,6x355 mL,"$13.99
 ea.",,$0.66 /100ml,"Regular price
$15.99  ea.","Valid until Feb 7, 2024",https://product-images.metro.ca/images/h03/h03/12066930032670.jpg,https://www.metro.ca/en/online-grocery/search-page-210
TRULY SELTZER,Tropical Mix Flavoured Alcoholic Malt Beverage,12x355 mL,"$24.99
 ea.",,$0.59 /100ml,"Regular price
$26.99  ea.","Valid until Feb 7, 2024",https://product-images.metro.ca/images/h46/h61/11893118238750.jpg,https://www.metro.ca/en/online-grocery/search-page-210
TRULY SELTZER,Mango Flavoured Alcoholic Malt Beverage,6x355 mL,"$13.99
 ea.",,$0.66 /100ml,"Regular price
$15.99  ea.","Valid until Feb 7, 2024",https://product-images.metro.ca/images/ha6/hbb/12066657435678.jpg,https://www.metro.ca/en/online-grocery/search-page-210
,Bartlett Pear Crate,,"$11.99
 ea.",,$0.60 /100g,,,https://product-images.metro.ca/images/h41/h86/9222204686366.jpg,https://www.metro.ca/en/online-grocery/search-page-210
METROGO!,Atlantic Salmon Skewers With Vegetables,2 per tray,"$18.18
 avg. ea.",(375 g avg.),$48.48 /kg$21.99 /lb.,,,https://product-images.metro.ca/images/hcf/h1c/11351656333342.jpg,https://www.metro.ca/en/online-grocery/search-page-210
BÂTON ROUGE,Fine Herbs Sauce,36 g,"2 / 
$4.00",,$5.56 /100g,"Regular price
$2.29  ea.","Valid until Jan 24, 2024",https://product-images.metro.ca/images/h97/h6c/11375037546526.jpg,https://www.metro.ca/en/online-grocery/search-page-210
YOPLAIT,"Strawberry And Banana Flavoured Drinkable Yogurt, Yop",8x93 mL,"$7.29
 ea.",,$0.98 /100ml,,,,https://www.metro.ca/en/online-grocery/search-page-210
NO YOLKS,Broad Egg Noodles,340 g,"$2.99
 ea.",,$0.88 /100g,"Regular price
$3.99  ea.","Valid until Jan 24, 2024",https://product-images.metro.ca/images/h0e/hdc/10390844801054.jpg,https://www.metro.ca/en/online-grocery/search-page-210
MERIT,Raspberry Turnovers,4x88 g,"$5.79
 ea.",,$1.64 /100g,,,https://www.metro.ca/images/shared/placeholders/icon-no-picture.svg?v=2023.71.1.d1,https://www.metro.ca/en/online-grocery/search-page-210
SELECTION,Pepperoni,,"$2.09
 / 100 g",,$20.90 /kg$9.48 /lb.,,,https://product-images.metro.ca/images/ha7/ha2/10265450020894.jpg,https://www.metro.ca/en/online-grocery/search-page-210
,Frozen Scallop,Size 20-40,"$4.49
 / 100 g",,$44.90 /kg$20.37 /lb.,,,https://product-images.metro.ca/images/h0e/h6e/9999541960734.jpg,https://www.metro.ca/en/online-grocery/search-page-210
SIMPLY POTATOES,Sour Cream And Chive Mashed Potatoes,680 g,"$8.99
 ea.",,$1.32 /100g,,,https://product-images.metro.ca/images/h58/h22/9751238377502.jpg,https://www.metro.ca/en/online-grocery/search-page-210
SUNTREE,Reconstituted Lime Juice,133 mL,"$1.49
 ea.",,$1.12 /100ml,"Regular price
$1.99  ea.","Valid until Jan 10, 2024",https://product-images.metro.ca/images/h7c/hdf/9567201001502.jpg,https://www.metro.ca/en/online-grocery/search-page-210
BLACK DIAMOND,Cheddar Processed Cheese Slices,825 g,"$8.69
 ea.",,$1.05 /100g,,,https://product-images.metro.ca/images/he7/h7a/9528323309598.jpg,https://www.metro.ca/en/online-grocery/search-page-210
RAWESOME,Organic Gluten Free Chocolate And Raspberry Cake,95 g,"$6.99
 ea.",,$7.36 /100g,,,https://product-images.metro.ca/images/h79/h28/9452772196382.jpg,https://www.metro.ca/en/online-grocery/search-page-210
CRACKER BARREL,Shredded Parmesan Cheese,250 g,"$9.99
 ea.",,$4.00 /100g,,,https://product-images.metro.ca/images/hd1/hab/10101125709854.jpg,https://www.metro.ca/en/online-grocery/search-page-210
CRACKER BARREL,Medium White Cheddar Cheese,400 g,"$7.99
 ea.",,$2.00 /100g,,,https://product-images.metro.ca/images/hc4/h50/10236563947550.jpg,https://www.metro.ca/en/online-grocery/search-page-210
QUINTESSENCE,Red Lumpfish Caviar,50 g,"$5.99
 ea.",,$11.98 /100g,"Regular price
$6.49  ea.","Valid until Jan 17, 2024",https://product-images.metro.ca/images/hfb/h60/10095398322206.jpg,https://www.metro.ca/en/online-grocery/search-page-210
SELECTION,Crackers And Processed Cheese Snacks,87 g,"$1.99
 ea.",,$2.29 /100g,,,https://product-images.metro.ca/images/h28/h6f/9336474173470.jpg,https://www.metro.ca/en/online-grocery/search-page-210
EL-MA-MIA,Hash Browns Seasoning,220 g,"$6.49
 ea.",,$2.95 /100g,,,https://product-images.metro.ca/images/h41/h24/9520322248734.jpg,https://www.metro.ca/en/online-grocery/search-page-210
EL-MA-MIA,Greek Potatoes Seasoning,180 g,"$6.49
 ea.",,$3.61 /100g,,,https://product-images.metro.ca/images/h27/hf0/9520319266846.jpg,https://www.metro.ca/en/online-grocery/search-page-210
CRACKER BARREL,"Macaroni With Cheddar And Havarti Cheeses, Oven Baked",349 g,"$5.99
 ea.",,$1.72 /100g,,,,https://www.metro.ca/en/online-grocery/search-page-211
WILTON,Yellow Cake Frosting Tube,120 g,"$3.99
 ea.",,$3.32 /100g,,,https://product-images.metro.ca/images/h81/h95/10095196864542.jpg,https://www.metro.ca/en/online-grocery/search-page-211
AMOOZA TWISTS,Mozzarella And Cheddar Cheese Sticks,228 g,"$7.99
 ea.",,$3.50 /100g,,,https://product-images.metro.ca/images/he7/hf7/10789075615774.jpg,https://www.metro.ca/en/online-grocery/search-page-211
GRISSOL,Creamy Caesar Croutons,135 g,"$2.49
 ea.",,$1.84 /100g,"Regular price
$2.69  ea.","Valid until Jan 24, 2024",https://product-images.metro.ca/images/h49/hb4/10519062839326.jpg,https://www.metro.ca/en/online-grocery/search-page-211
BONTERRA,3ply Mega Bathroom Tissue,6 un,"$7.99
 ea.",,$1.33 /un.,,,https://product-images.metro.ca/images/h91/h9b/11614618320926.jpg,https://www.metro.ca/en/online-grocery/search-page-211
METROGO!,Pork Meatballs With General Tao Sauce,,"$8.02
 avg. ea.",(350 g avg.),$22.90 /kg$10.39 /lb.,,,https://product-images.metro.ca/images/hc9/h81/11926818160670.jpg,https://www.metro.ca/en/online-grocery/search-page-211
MUTTI,Classic Pizza Sauce,398 mL,"$3.99
 ea.",,$1.00 /100ml,"Regular price
$4.49  ea.","Valid until Jan 24, 2024",https://product-images.metro.ca/images/hb9/hcf/10894109311006.jpg,https://www.metro.ca/en/online-grocery/search-page-211
FIT SAUCES,La Funky Bbq Sauce,355 mL,"$10.99
 ea.",,$3.10 /100ml,,,https://www.metro.ca/images/shared/placeholders/icon-no-picture.svg?v=2023.71.1.d1,https://www.metro.ca/en/online-grocery/search-page-211
ROUGEMONT,"Apple Cranberry Not From Concentrate Juice, Orchard'...",1.54 L,"$3.99
 ea.",,$0.26 /100ml,"Regular price
$5.49  ea.","Valid until Jan 10, 2024",,https://www.metro.ca/en/online-grocery/search-page-211
LANDISH,Lion'S Mane Matcha Latte,135 g,"$24.99
 ea.",,$18.51 /100g,,,https://product-images.metro.ca/images/hb2/h81/11355116994590.jpg,https://www.metro.ca/en/online-grocery/search-page-211
LANDISH,5 Mushroom Hot Chocolate,135 g,"$24.99
 ea.",,$18.51 /100g,,,https://product-images.metro.ca/images/h84/h79/11354397704222.jpg,https://www.metro.ca/en/online-grocery/search-page-211
LOTO-QUÉBEC,Bingo,1 un,"$2.00
 ea.",,$2.00 /un.,,,https://product-images.metro.ca/images/h8e/ha5/10477234618398.jpg,https://www.metro.ca/en/online-grocery/search-page-211
SELECTION,Smoked Turkey Breast,400 g,"$12.49
 ea.",,$3.12 /100g,,,https://product-images.metro.ca/images/h37/hc3/11521784709150.jpg,https://www.metro.ca/en/online-grocery/search-page-211
CASHMERE,"Mega 2-Ply Bathroom Tissue, UltraLuxe",12x264 feuilles,"$16.49
 ea.",,$1.37 /un.,,,,https://www.metro.ca/en/online-grocery/search-page-211
SELECTION,Basmati Rice,250 g,"$2.89
 ea.",,$1.16 /100g,,,https://product-images.metro.ca/images/hce/h34/10911186518046.jpg,https://www.metro.ca/en/online-grocery/search-page-211
RIO MARE,"Lentils With Carrots And Tomatoes Tuna Salad, Insala...",160 g,"$5.29
 ea.",,$3.31 /100g,,,,https://www.metro.ca/en/online-grocery/search-page-211
STEFANO,Organic Italian White Wine,750 mL - bottle,"$15.99
 ea.",,$2.13 /100ml,,,https://product-images.metro.ca/images/had/h30/10476998918174.jpg,https://www.metro.ca/en/online-grocery/search-page-211
SCHÄR,Gluten Free Deli Style Sourdough Bread,240 g,"$7.29
 ea.",,$3.04 /100g,,,https://product-images.metro.ca/images/h44/h23/10894018674718.jpg,https://www.metro.ca/en/online-grocery/search-page-211
IRRESISTIBLES,"Ultimate Nuts And Chocolate Mix, Sweet And Salty",500 g,"$11.99
 ea.",,$2.40 /100g,,,,https://www.metro.ca/en/online-grocery/search-page-211
IRRESISTIBLES,BBQ Flavoured Roasted Pistachio,175 g,"$5.99
 ea.",,$3.42 /100g,"Regular price
$6.99  ea.","Valid until Jan 10, 2024",https://product-images.metro.ca/images/h00/hb7/11169045315614.jpg,https://www.metro.ca/en/online-grocery/search-page-211
LIFE SMART,"Organic Sliced Dried Mango, Naturalia",150 g,"$6.99
 ea.",,$4.66 /100g,,,,https://www.metro.ca/en/online-grocery/search-page-211
IRRESISTIBLES,Ultimate Maple Sugar Nut Mix,500 g,"$16.99
 ea.",,$3.40 /100g,,,https://product-images.metro.ca/images/hce/h53/11521924366366.jpg,https://www.metro.ca/en/online-grocery/search-page-211
IRRESISTIBLES,Salt And Pepper Roasted Pistachio,175 g,"$5.99
 ea.",,$3.42 /100g,"Regular price
$6.99  ea.","Valid until Jan 10, 2024",https://product-images.metro.ca/images/h9f/h09/11169050394654.jpg,https://www.metro.ca/en/online-grocery/search-page-211
IRRESISTIBLES,Unsalted Dried Virginia Peanuts,1 kg,"$7.99
 ea.",,$0.80 /100g,,,https://product-images.metro.ca/images/hda/h4d/9244934537246.jpg,https://www.metro.ca/en/online-grocery/search-page-211
RAWESOME,Organic Gluten Free Caramel And Pecan Cake,95 g,"$6.99
 ea.",,$7.36 /100g,,,https://product-images.metro.ca/images/hdd/hd1/9439380865054.jpg,https://www.metro.ca/en/online-grocery/search-page-211
SUNTREE,Reconstitued Lemon Juice,133 mL,"$1.49
 ea.",,$1.12 /100ml,"Regular price
$1.99  ea.","Valid until Jan 10, 2024",https://product-images.metro.ca/images/h92/h9c/9644835307550.jpg,https://www.metro.ca/en/online-grocery/search-page-211
METROGO!,Seasoned Creamer Potatoes,,"$4.99
 ea.",,$1.33 /100g,,,https://product-images.metro.ca/images/h84/h32/9365876080670.jpg,https://www.metro.ca/en/online-grocery/search-page-211
METROGO!,Seasoned Portobello Mushrooms,,"$5.99
 ea.",,$5.99 /un.,,,https://product-images.metro.ca/images/had/h90/9365877096478.jpg,https://www.metro.ca/en/online-grocery/search-page-211
SELECTION,BBQ Spices,150 g,"$2.49
 ea.",,$1.66 /100g,,,https://product-images.metro.ca/images/h5b/h48/9249673740318.jpg,https://www.metro.ca/en/online-grocery/search-page-211
,Baseball Top Sirloin Medallions,2 medallions per tray,"$11.24
 avg. ea.",(300 g avg.),$37.46 /kg$16.99 /lb.,,,https://product-images.metro.ca/images/h9a/h6b/9249708113950.jpg,https://www.metro.ca/en/online-grocery/search-page-211
METROGO!,Bacon And Cheddar Salmon Patty,100 g,"$4.99
 ea.",,$4.99 /100g,,,https://product-images.metro.ca/images/hbf/ha6/9249769193502.jpg,https://www.metro.ca/en/online-grocery/search-page-212
METROGO!,Mini Salmon Patty,1 patty,"$2.99
 ea.",,$5.98 /100g,,,https://product-images.metro.ca/images/h2c/h61/11954556895262.jpg,https://www.metro.ca/en/online-grocery/search-page-212
METROGO!,Mini Trout Patty,1 patty,"$2.49
 ea.",,$4.98 /100g,,,https://product-images.metro.ca/images/h93/h42/11979608719390.jpg,https://www.metro.ca/en/online-grocery/search-page-212
NUTRA-FRUIT,Sweetened Dried Cranberries,150 g,"$3.99
 ea.",,$2.66 /100g,,,https://product-images.metro.ca/images/h4d/h8b/9379268395038.jpg,https://www.metro.ca/en/online-grocery/search-page-212
NUTRA-FRUIT,Reduced Sugar Dried Cranberries,80 g,"$4.99
 ea.",,$6.24 /100g,,,https://product-images.metro.ca/images/h7e/ha5/11754319511582.jpg,https://www.metro.ca/en/online-grocery/search-page-212
NUTRA-FRUIT,Sweetened Dried Cranberries,454 g,"$8.99
 ea.",,$1.98 /100g,,,https://product-images.metro.ca/images/h14/hd3/9379399696414.jpg,https://www.metro.ca/en/online-grocery/search-page-212
NUTRA-FRUIT,Reduced Sugar Dried Cranberries,225 g,"$9.99
 ea.",,$4.44 /100g,,,https://product-images.metro.ca/images/hf4/hb0/11754256498718.jpg,https://www.metro.ca/en/online-grocery/search-page-212
KEEP CALM,"Canadian White Wine, & Laugh",750 mL,"$11.99
 ea.",,$1.60 /100ml,,,,https://www.metro.ca/en/online-grocery/search-page-212
AYLMER,No Salt Added Wholetomatoes,796 mL,"$2.99
 ea.",,$0.38 /100ml,,,https://product-images.metro.ca/images/h87/h4d/9773873922078.jpg,https://www.metro.ca/en/online-grocery/search-page-212
BIRRA MORETTI,Italian Lager Beer,4x500 mL - cans,"$13.49
 ea.",,$0.67 /100ml,"Regular price
$15.49  ea.","Valid until Feb 7, 2024",https://product-images.metro.ca/images/h08/h86/9508623712286.jpg,https://www.metro.ca/en/online-grocery/search-page-212
SELECTION,Mango Nectar,1 L,"$1.49
 ea.",,$0.15 /100ml,"Regular price
$1.89  ea.","Valid until Jan 24, 2024",https://product-images.metro.ca/images/h96/h9d/10789025382430.jpg,https://www.metro.ca/en/online-grocery/search-page-212
SELECTION,"Reduced Sugar Fusion Fruit Juice, H2Fruits",1 L,"$1.49
 ea.",,$0.15 /100ml,"Regular price
$1.89  ea.","Valid until Jan 24, 2024",,https://www.metro.ca/en/online-grocery/search-page-212
SELECTION,"Watermelon And Berry Juice With Less Sugar, H2 Fruits",1 L,"$1.49
 ea.",,$0.15 /100ml,"Regular price
$1.89  ea.","Valid until Jan 24, 2024",,https://www.metro.ca/en/online-grocery/search-page-212
HERTEL,Basil And Cucumber Scented All Purpose Desinfectant ...,1.4 L,"$5.29
 ea.",,$0.38 /100ml,,,,https://www.metro.ca/en/online-grocery/search-page-212
KRISPY KERNELS,Bbq Flavoured Sunflower Seed,200 g,"$2.99
 ea.",,$1.50 /100g,,,https://product-images.metro.ca/images/h94/haa/11198348165150.jpg,https://www.metro.ca/en/online-grocery/search-page-212
KRISPY KERNELS,Salted Sunflower Seed,200 g,"$2.99
 ea.",,$1.50 /100g,,,https://product-images.metro.ca/images/hb8/hfa/11198319886366.jpg,https://www.metro.ca/en/online-grocery/search-page-212
KRISPY KERNELS,Happy Hour Cocktail Mixed Nut,225 g,"$3.99
 ea.",,$1.77 /100g,"Regular price
$4.69  ea.","Valid until Jan 24, 2024",https://product-images.metro.ca/images/h9a/h95/11133719773214.jpg,https://www.metro.ca/en/online-grocery/search-page-212
KELLOGG'S,"Original Jumbo Cereals, Mini Wheats",1.2 kg,"$8.99
 ea.",,$0.75 /100g,,,,https://www.metro.ca/en/online-grocery/search-page-212
CHEEZ-IT,Hot And Spicy Flavoured Crackers,200 g,"$4.49
 ea.",,$2.25 /100g,,,https://product-images.metro.ca/images/hdd/hf9/10845219913758.jpg,https://www.metro.ca/en/online-grocery/search-page-212
CHEEZ-IT,Zesty Cheddar Ranch Flavoured Crackers,191 g,"$4.49
 ea.",,$2.35 /100g,,,https://product-images.metro.ca/images/he7/h60/9523648888862.jpg,https://www.metro.ca/en/online-grocery/search-page-212
NATURE VALLEY,"Dark Chocolate And Nut Chewy Granola Bars, Sweet & S...",525 g,"$9.99
 ea.",,$1.90 /100g,,,,https://www.metro.ca/en/online-grocery/search-page-212
CHEEZ-IT,"Original Cheddar Flavoured Crackers, Crunch",191 g,"$4.49
 ea.",,$2.35 /100g,,,,https://www.metro.ca/en/online-grocery/search-page-212
KELLOGG'S,"Family Cereals, Rice Krispies",225 g,"$5.49
 ea.",,$2.44 /100g,,,,https://www.metro.ca/en/online-grocery/search-page-212
NATURSOURCE,Tamari Roasted Almonds,500 g,"$13.99
 ea.",,$2.80 /100g,"Regular price
$14.99  ea.","Valid until Jan 10, 2024",https://www.metro.ca/images/shared/placeholders/icon-no-picture.svg?v=2023.71.1.d1,https://www.metro.ca/en/online-grocery/search-page-212
CRACKER BARREL,Old Yellow Cheddar Cheese,400 g,"$7.99
 ea.",,$2.00 /100g,,,https://product-images.metro.ca/images/h9a/hec/10101134229534.jpg,https://www.metro.ca/en/online-grocery/search-page-212
CRACKER BARREL,Old White Cheddar Cheese,400 g,"$7.99
 ea.",,$2.00 /100g,,,https://product-images.metro.ca/images/h94/hf1/10152924020766.jpg,https://www.metro.ca/en/online-grocery/search-page-212
CRACKER BARREL,Marble Cheddar Cheese,400 g,"$7.99
 ea.",,$2.00 /100g,,,https://product-images.metro.ca/images/h3b/h4c/10101130723358.jpg,https://www.metro.ca/en/online-grocery/search-page-212
NATURSOURCE,Wildberry Gluten Free Salad Topping,575 g,"$13.99
 ea.",,$2.43 /100g,,,https://product-images.metro.ca/images/h9c/hba/9883169652766.jpg,https://www.metro.ca/en/online-grocery/search-page-212
NATURSOURCE,Hot Cocoa And Salted Nut Mix,500 g,"$13.99
 ea.",,$2.80 /100g,"Regular price
$14.99  ea.","Valid until Jan 10, 2024",https://product-images.metro.ca/images/hf1/h9e/10976868171806.jpg,https://www.metro.ca/en/online-grocery/search-page-212
CRACKER BARREL,Marbled Lite Cheddar Cheese,400 g,"$7.99
 ea.",,$2.00 /100g,,,https://product-images.metro.ca/images/h8a/hd1/11601616076830.jpg,https://www.metro.ca/en/online-grocery/search-page-212
KRAFT,"Calorie-Wise Salad Dressing, Miracle Whip",890 mL,"$6.99
 ea.",,$0.79 /100ml,"Regular price
$7.99  ea.","Valid until Jan 24, 2024",,https://www.metro.ca/en/online-grocery/search-page-213
KRAFT,"Olive Oil Spread, Miracle Whip",890 mL,"$6.99
 ea.",,$0.79 /100ml,"Regular price
$7.99  ea.","Valid until Jan 24, 2024",,https://www.metro.ca/en/online-grocery/search-page-213
KRAFT,"Salad Dressing, Miracle Whip",890 mL,"$6.99
 ea.",,$0.79 /100ml,"Regular price
$7.99  ea.","Valid until Jan 24, 2024",,https://www.metro.ca/en/online-grocery/search-page-213
KRAFT,Hazelnut And Cocoa Spread,375 g,"$5.49
 ea.",,$1.46 /100g,,,https://product-images.metro.ca/images/h35/hff/10365219930142.jpg,https://www.metro.ca/en/online-grocery/search-page-213
PAYSAN,Shaved Smoked Turkey Breast,400 g,"$13.99
 ea.",,$3.50 /100g,,,https://product-images.metro.ca/images/ha1/he7/10716037840926.jpg,https://www.metro.ca/en/online-grocery/search-page-213
CAFÉ BARISTA,Chocolate Hazelnut Flavoured Ground Coffee,340 g,"$11.99
 ea.",,$3.53 /100g,,,https://product-images.metro.ca/images/h6c/ha5/11126349725726.jpg,https://www.metro.ca/en/online-grocery/search-page-213
CAFÉ BARISTA,Salted Caramel Flavoured Ground Coffee,340 g,"$11.99
 ea.",,$3.53 /100g,,,https://product-images.metro.ca/images/h64/hed/11126345826334.jpg,https://www.metro.ca/en/online-grocery/search-page-213
CAFÉ BARISTA,Salted Caramel Flavoured Coffee Capsules,12 un,"$11.99
 ea.",,$1.00 /un.,,,https://product-images.metro.ca/images/h3d/hd1/11126349463582.jpg,https://www.metro.ca/en/online-grocery/search-page-213
CAFÉ BARISTA,Chocolate Hazelnut Flavoured Coffee Capsule,12 un,"$11.99
 ea.",,$1.00 /un.,,,https://product-images.metro.ca/images/h10/h55/11126348578846.jpg,https://www.metro.ca/en/online-grocery/search-page-213
PAYSAN,Shaved Black Forest Smoked Ham,400 g,"$12.99
 ea.",,$3.25 /100g,,,https://www.metro.ca/images/shared/placeholders/icon-no-picture.svg?v=2023.71.1.d1,https://www.metro.ca/en/online-grocery/search-page-213
PAYSAN,Old Fashioned Cooked Ham,400 g,"$12.99
 ea.",,$3.25 /100g,,,https://www.metro.ca/images/shared/placeholders/icon-no-picture.svg?v=2023.71.1.d1,https://www.metro.ca/en/online-grocery/search-page-213
KRAFT DINNER,Sharp Cheddar Macaroni And Cheese,175 g,"$2.69
 ea.",,$1.54 /100g,,,https://product-images.metro.ca/images/hc4/h18/12245681831966.jpg,https://www.metro.ca/en/online-grocery/search-page-213
KRAFT DINNER,White Cheddar Macaroni And Cheese,175 g,"$2.69
 ea.",,$1.54 /100g,,,https://product-images.metro.ca/images/hc6/hef/12245680521246.jpg,https://www.metro.ca/en/online-grocery/search-page-213
VOORTMAN,Chocolate Flavoured Wafers With No Sugar Added,250 g,"$4.79
 ea.",,$1.92 /100g,,,https://product-images.metro.ca/images/h03/h9c/10959364227102.jpg,https://www.metro.ca/en/online-grocery/search-page-213
MONSIEUR GUSTAV,Saint-Paulin Cheese,190 g,"$10.99
 ea.",,$5.78 /100g,,,https://product-images.metro.ca/images/h39/h45/10170754170910.jpg,https://www.metro.ca/en/online-grocery/search-page-213
MONSIEUR GUSTAV,Lactose Free Medium Gouda Cheese,170 g,"$7.99
 ea.",,$4.70 /100g,,,https://product-images.metro.ca/images/h1a/hee/10889216294942.jpg,https://www.metro.ca/en/online-grocery/search-page-213
MONSIEUR GUSTAV,Lactose Free Red Rind Double Cream Cheese,125 g,"$5.99
 ea.",,$4.79 /100g,,,https://product-images.metro.ca/images/h49/hb0/10170741555230.jpg,https://www.metro.ca/en/online-grocery/search-page-213
MONSIEUR GUSTAV,Lactose Free Mild Gouda Cheese,170 g,"$7.49
 ea.",,$4.41 /100g,,,https://product-images.metro.ca/images/hcc/h8e/10889146892318.jpg,https://www.metro.ca/en/online-grocery/search-page-213
MONSIEUR GUSTAV,Lactose-Free Spicy Jalapeño Gouda Cheese,170 g,"$7.49
 ea.",,$4.41 /100g,,,https://product-images.metro.ca/images/h4b/hfc/12050980438046.jpg,https://www.metro.ca/en/online-grocery/search-page-213
MONSIEUR GUSTAV,Lactose Free Bloomy Rind Double Cream Cheese,125 g,"$5.99
 ea.",,$4.79 /100g,,,https://product-images.metro.ca/images/h4f/hf5/10170737688606.jpg,https://www.metro.ca/en/online-grocery/search-page-213
MONSIEUR GUSTAV,Lactose Free Light Gouda Cheese,170 g,"$7.49
 ea.",,$4.41 /100g,,,https://product-images.metro.ca/images/hb9/hba/10889147219998.jpg,https://www.metro.ca/en/online-grocery/search-page-213
MONSIEUR GUSTAV,Lactose Free Blue Veined Double Cream Cheese,125 g,"$5.99
 ea.",,$4.79 /100g,,,https://product-images.metro.ca/images/he9/hc7/10170742112286.jpg,https://www.metro.ca/en/online-grocery/search-page-213
MONSIEUR GUSTAV,Lactose Free Smoked Gouda Cheese,170 g,"$7.49
 ea.",,$4.41 /100g,,,https://product-images.metro.ca/images/hd0/h8d/12050980044830.jpg,https://www.metro.ca/en/online-grocery/search-page-213
OKA,Mushrooms & Truffle Cheese,190 g,"$10.49
 ea.",,$5.52 /100g,,,https://product-images.metro.ca/images/hb6/hba/11094961717278.jpg,https://www.metro.ca/en/online-grocery/search-page-213
MONSIEUR GUSTAV,Smoke Flavoured Saint-Paulin Cheese,190 g,"$10.29
 ea.",,$5.42 /100g,,,https://product-images.metro.ca/images/hcd/hd8/11351752212510.jpg,https://www.metro.ca/en/online-grocery/search-page-213
LA POCHE BLEUE,Habanero And Jalapeño Cheese,190 g,"$7.99
 ea.",,$4.21 /100g,"Regular price
$8.49  ea.","Valid until Jan 17, 2024",https://product-images.metro.ca/images/h99/h5e/11493272420382.jpg,https://www.metro.ca/en/online-grocery/search-page-213
LA POCHE BLEUE,Steak Spice Cheese,190 g,"$7.99
 ea.",,$4.21 /100g,"Regular price
$8.49  ea.","Valid until Jan 17, 2024",https://product-images.metro.ca/images/hcc/h62/11493266522142.jpg,https://www.metro.ca/en/online-grocery/search-page-213
LA POCHE BLEUE,Halloumi Style Grilling Cheese,190 g,"$8.49
 ea.",,$4.47 /100g,,,https://product-images.metro.ca/images/he4/h03/11493269012510.jpg,https://www.metro.ca/en/online-grocery/search-page-213
OKA,Beer Cheese,190 g,"$10.49
 ea.",,$5.52 /100g,,,https://product-images.metro.ca/images/h68/h3b/12175727362078.jpg,https://www.metro.ca/en/online-grocery/search-page-213
MONSIEUR GUSTAV,Garlic And Chive Cheddar Cheese,200 g,"$8.00
 ea.",,$4.00 /100g,"Regular price
$8.79  ea.","Valid until Jan 10, 2024",https://product-images.metro.ca/images/hc1/hc2/11954632392734.jpg,https://www.metro.ca/en/online-grocery/search-page-213
MONSIEUR GUSTAV,Smoked Cheddar Cheese,200 g,"$8.00
 ea.",,$4.00 /100g,"Regular price
$8.79  ea.","Valid until Jan 10, 2024",https://product-images.metro.ca/images/h19/he5/11916944506910.jpg,https://www.metro.ca/en/online-grocery/search-page-214
MONSIEUR GUSTAV,Spicy Jalapeño Cheddar Cheese,200 g,"$8.00
 ea.",,$4.00 /100g,"Regular price
$8.79  ea.","Valid until Jan 10, 2024",https://product-images.metro.ca/images/h00/h32/11916906496030.jpg,https://www.metro.ca/en/online-grocery/search-page-214
MONSIEUR GUSTAV,Lactose-Free Dill Pickle Flavoured Gouda Cheese,170 g,"$7.49
 ea.",,$4.41 /100g,,,https://product-images.metro.ca/images/hb3/hd5/12028235415582.jpg,https://www.metro.ca/en/online-grocery/search-page-214
SPLASH BLAST,Assorted Fruit Falvoured Water,24x500 mL,"$10.99
 ea.",,$0.09 /100ml,,,https://product-images.metro.ca/images/hef/hab/11445393719326.jpg,https://www.metro.ca/en/online-grocery/search-page-214
LIPTON,Reduced Salt Chicken Noodle Soup Mix,912 g,"$11.49
 ea.",,$1.26 /100g,,,https://product-images.metro.ca/images/he2/hc4/11857624498206.jpg,https://www.metro.ca/en/online-grocery/search-page-214
COMPASS,Whole Pitted Dates,2 kg,"$11.99
 ea.",,$0.60 /100g,,,https://product-images.metro.ca/images/h57/h2e/10823061176350.jpg,https://www.metro.ca/en/online-grocery/search-page-214
KNORR,Liquid Concentrated Vegetable Bouillon,250 mL,"$7.49
 ea.",,$3.00 /100ml,,,https://product-images.metro.ca/images/h79/ha6/12050943115294.jpg,https://www.metro.ca/en/online-grocery/search-page-214
KNORR,Liquid Concentrated Chicken Bouillon,250 mL,"$7.49
 ea.",,$3.00 /100ml,,,https://product-images.metro.ca/images/h8d/h7c/11679730204702.jpg,https://www.metro.ca/en/online-grocery/search-page-214
KNORR,Liquid Concentrated Beef Bouillon,250 mL,"$7.49
 ea.",,$3.00 /100ml,,,https://product-images.metro.ca/images/h79/h84/11857627906078.jpg,https://www.metro.ca/en/online-grocery/search-page-214
ORAL-B,"Soft Toothbrush Pack, Healthy Clean",4 un,"$5.99
 ea.",,$1.50 /un.,,,,https://www.metro.ca/en/online-grocery/search-page-214
COMPASS,Organic Deglet Nour Dates,1 kg,"$12.99
 ea.",,$1.30 /100g,,,https://product-images.metro.ca/images/h7a/h36/11113821306910.jpg,https://www.metro.ca/en/online-grocery/search-page-214
CEDAR,Medium Pearl Tapioca,454 g,"$3.99
 ea.",,$0.88 /100g,,,https://product-images.metro.ca/images/h17/h0c/10244858478622.jpg,https://www.metro.ca/en/online-grocery/search-page-214
CEDAR,Red Rice,907 g,"$4.99
 ea.",,$0.55 /100g,"Regular price
$6.49  ea.","Valid until Jan 24, 2024",https://product-images.metro.ca/images/hb5/h58/9394501386270.jpg,https://www.metro.ca/en/online-grocery/search-page-214
CEDAR,"Jasmine Rice, Phoenicia",8 kg,"$20.49
 ea.",,$0.26 /100g,,,,https://www.metro.ca/en/online-grocery/search-page-214
GLADE,Tranquil Lavender And Aloe Scented Air Freshener,235 g,"$3.99
 ea.",,$1.70 /100g,,,https://product-images.metro.ca/images/h90/h93/11665559027742.jpg,https://www.metro.ca/en/online-grocery/search-page-214
GLADE,Invigorating Aqua Waves Scented Air Freshener,235 g,"$3.99
 ea.",,$1.70 /100g,,,https://product-images.metro.ca/images/h65/h6f/11761680842782.jpg,https://www.metro.ca/en/online-grocery/search-page-214
GLADE,Hawaiian Breeze Scented Air Freshener,235 g,"$3.99
 ea.",,$1.70 /100g,,,https://product-images.metro.ca/images/h3c/he9/11761680089118.jpg,https://www.metro.ca/en/online-grocery/search-page-214
GLADE,Clean Linen Scented Air Freshener,235 g,"$3.99
 ea.",,$1.70 /100g,,,https://product-images.metro.ca/images/h97/h84/11735260823582.jpg,https://www.metro.ca/en/online-grocery/search-page-214
GLADE,Strawberry Cake Shake Scented 3 Wick Candle,1 un,"$12.29
 ea.",,$12.29 /un.,,,https://product-images.metro.ca/images/hce/ha2/12073634594846.jpg,https://www.metro.ca/en/online-grocery/search-page-214
CEDAR,Marinated Cucumbers,1 L,"$6.79
 ea.",,$0.68 /100ml,,,https://product-images.metro.ca/images/h19/h63/9719882285086.jpg,https://www.metro.ca/en/online-grocery/search-page-214
GLADE,"Bubbly Berry Splash Scented Oil Refills, Plug-Ins",2 un,"$5.00
 ea.",,$2.50 /un.,"Regular price
$9.99  ea.","Valid until Apr 18, 2024",,https://www.metro.ca/en/online-grocery/search-page-214
LIFE SMART,"Popcorn Kernels, Organic",450 g,"$2.49
 ea.",,$0.55 /100g,"Regular price
$2.99  ea.","Valid until Jan 24, 2024",,https://www.metro.ca/en/online-grocery/search-page-214
SELECTION,Milk Chocolate Chips,900 g,"$9.99
 ea.",,$1.11 /100g,,,https://product-images.metro.ca/images/h33/h29/9704191328286.jpg,https://www.metro.ca/en/online-grocery/search-page-214
SELECTION,Dark Chocolate Chips,835 g,"$9.99
 ea.",,$1.20 /100g,,,https://product-images.metro.ca/images/h42/h58/9704253653022.jpg,https://www.metro.ca/en/online-grocery/search-page-214
LIFE SMART,"Frozen Assorted Vegan Bites, Plant-Based",500 g,"$8.99
 ea.",,$1.80 /100g,,,,https://www.metro.ca/en/online-grocery/search-page-214
IRRESISTIBLES,"Vegetable Chips, Classic",142 g,"2 / 
$7.00",,$2.46 /100g,"Regular price
$4.69  ea.","Valid until Jan 10, 2024",,https://www.metro.ca/en/online-grocery/search-page-214
IRRESISTIBLES,Sparkling Apple And Cranberry Juice Must,750 mL,"$5.49
 ea.",,$0.73 /100ml,"Regular price
$6.79  ea.","Valid until Jan 10, 2024",https://product-images.metro.ca/images/h2e/hb2/9761247199262.jpg,https://www.metro.ca/en/online-grocery/search-page-214
LIFE SMART,Whole Grain Tortillas,248 g,"$4.39
 ea.",,$1.77 /100g,,"Valid until Jan 17, 2024",https://product-images.metro.ca/images/h61/h40/9824997081118.jpg,https://www.metro.ca/en/online-grocery/search-page-214
LIFE SMART,Reduced Salt Pimento Paste Stuffed Manzanilla Olives,375 mL,"$2.99
 ea.",,$0.80 /100ml,"Regular price
$3.49  ea.","Valid until Jan 24, 2024",https://product-images.metro.ca/images/h97/h15/9873361207326.jpg,https://www.metro.ca/en/online-grocery/search-page-214
IRRESISTIBLES,"Vegetable Chips, Classic",142 g,"2 / 
$7.00",,$2.46 /100g,"Regular price
$4.69  ea.","Valid until Jan 10, 2024",,https://www.metro.ca/en/online-grocery/search-page-214
LIFE SMART,Reduced Fat Caesar Dressing,475 mL,"$2.99
 ea.",,$0.63 /100ml,"Regular price
$3.49  ea.","Valid until Jan 24, 2024",https://product-images.metro.ca/images/hd6/h66/9773901316126.jpg,https://www.metro.ca/en/online-grocery/search-page-215
SELECTION ECO,Paper Straws,100 un,"$3.99
 ea.",,$0.04 /un.,,,https://product-images.metro.ca/images/hff/h40/10244604330014.jpg,https://www.metro.ca/en/online-grocery/search-page-215
IRRESISTIBLES,Parmigiano Reggiano Cheese Aged 24 Months,200 g,"$10.99
 ea.",,$5.50 /100g,,,https://product-images.metro.ca/images/ha0/h84/10200582160414.jpg,https://www.metro.ca/en/online-grocery/search-page-215
IRRESISTIBLES,Chooped Hot Chili Peppers In Oil,270 mL,"$6.29
 ea.",,$2.33 /100g,,,https://product-images.metro.ca/images/hd9/h14/10008099029022.jpg,https://www.metro.ca/en/online-grocery/search-page-215
LIFE SMART,"Ranch Dressing, Naturalia",250 mL,"$2.99
 ea.",,$1.20 /100ml,"Regular price
$3.29  ea.","Valid until Jan 24, 2024",,https://www.metro.ca/en/online-grocery/search-page-215
LIFE SMART,"Frozen Meatless Burgers, Plant-Based",456 g,"$15.99
 ea.",,$3.51 /100g,,,,https://www.metro.ca/en/online-grocery/search-page-215
METRO,Foldable Box,1 un,"$4.99
 ea.",,$4.99 /un.,,,https://product-images.metro.ca/images/h7c/hde/11022178517022.jpg,https://www.metro.ca/en/online-grocery/search-page-215
LIFE SMART,"Sesame Dressing, Naturalia",250 mL,"$2.99
 ea.",,$1.20 /100ml,"Regular price
$3.29  ea.","Valid until Jan 24, 2024",,https://www.metro.ca/en/online-grocery/search-page-215
SELECTION,Aerosol Window Cleaner,560 g,"$2.99
 ea.",,$0.53 /100g,,,https://product-images.metro.ca/images/hf8/h7d/10184707145758.jpg,https://www.metro.ca/en/online-grocery/search-page-215
SELECTION,Stuffed Manzanilla Olives,2 L,"$8.99
 ea.",,$0.45 /100ml,,,https://product-images.metro.ca/images/haa/h90/10823324893214.jpg,https://www.metro.ca/en/online-grocery/search-page-215
METRO,Reusable Bag,1 un,"$0.99
 ea.",,$0.99 /un.,,,https://product-images.metro.ca/images/ha1/h9d/10196449820702.jpg,https://www.metro.ca/en/online-grocery/search-page-215
SELECTION,Feta Cheese In Brine,800 g,"$16.99
 ea.",,$2.12 /100g,,,https://product-images.metro.ca/images/hf5/hc3/12175710158878.jpg,https://www.metro.ca/en/online-grocery/search-page-215
SELECTION,Shredded Pizza Mozzarella Cheese,320 g,"$5.99
 ea.",,$1.87 /100g,"Regular price
$7.49  ea.","Valid until Feb 14, 2024",https://product-images.metro.ca/images/h8e/hd3/11849800646686.jpg,https://www.metro.ca/en/online-grocery/search-page-215
IRRESISTIBLES,White Chocolate And Nuts Cookies,280 g,"$4.49
 ea.",,$1.60 /100g,,,https://product-images.metro.ca/images/h98/hbc/11937262731294.jpg,https://www.metro.ca/en/online-grocery/search-page-215
LIFE SMART,30% Less Fat Goat'S Milk Cheese,113 g,"$6.49
 ea.",,$5.74 /100g,,,https://product-images.metro.ca/images/hdf/h64/12175900966942.jpg,https://www.metro.ca/en/online-grocery/search-page-215
IRRESISTIBLES,"Original Goat'S Milk Cheese, Artisan",113 g,"$6.49
 ea.",,$5.74 /100g,,,,https://www.metro.ca/en/online-grocery/search-page-215
IRRESISTIBLES,"Everything Bagel Goat'S Milk Cheese, Artisan",113 g,"$6.49
 ea.",,$5.74 /100g,,,,https://www.metro.ca/en/online-grocery/search-page-215
IRRESISTIBLES,"Cranberry Goat'S Milk Cheese, Artisan",113 g,"$6.49
 ea.",,$5.74 /100g,,,,https://www.metro.ca/en/online-grocery/search-page-215
SELECTION,Oriental Sauce For Korean BBQ And Stir-Fry,355 mL,"2 / 
$6.50",,$0.92 /100ml,"Regular price
$3.79  ea.","Valid until Jan 24, 2024",https://www.metro.ca/images/shared/placeholders/icon-no-picture.svg?v=2023.71.1.d1,https://www.metro.ca/en/online-grocery/search-page-215
SELECTION,Oriental Sauce For Pad Thai And Stir-Fry,355 mL,"2 / 
$6.50",,$0.92 /100ml,"Regular price
$3.79  ea.","Valid until Jan 24, 2024",https://www.metro.ca/images/shared/placeholders/icon-no-picture.svg?v=2023.71.1.d1,https://www.metro.ca/en/online-grocery/search-page-215
IRRESISTIBLES,Salmon And Pea Flavoured Dry Dog Food,1.8 kg,"$8.99
 ea.",,$0.50 /100g,"Regular price
$9.99  ea.","Valid until Jan 24, 2024",https://product-images.metro.ca/images/ha9/hbe/12273067884574.jpg,https://www.metro.ca/en/online-grocery/search-page-215
LAY'S,Fries'N Gravy Flavoured Chips,66 g,"$2.19
 ea.",,$3.32 /100g,,,https://product-images.metro.ca/images/hdf/h22/12279452172318.jpg,https://www.metro.ca/en/online-grocery/search-page-215
LAY'S,Roast Chicken Flavoured Chips,66 g,"$2.19
 ea.",,$3.32 /100g,,,https://product-images.metro.ca/images/h7a/h86/12279450501150.jpg,https://www.metro.ca/en/online-grocery/search-page-215
BRITA,"Filtering Water Bottle, Orchid",1 un,"$20.79
 ea.",,$20.79 /un.,,,,https://www.metro.ca/en/online-grocery/search-page-215
BRITA,"Filtering Water Bottle, Sapphire",1 un,"$20.79
 ea.",,$20.79 /un.,,,,https://www.metro.ca/en/online-grocery/search-page-215
DORITOS,"Dip, Spicy Nacho",283 g,"$5.49
 ea.",,$1.94 /100g,,,,https://www.metro.ca/en/online-grocery/search-page-215
DORITOS,"Dip, Cool Ranch Jalapeño",283 g,"$5.49
 ea.",,$1.94 /100g,,,,https://www.metro.ca/en/online-grocery/search-page-215
BRITA,Pitcher With Water Filtration System,1 un,"$26.49
 ea.",,$26.49 /un.,,,https://product-images.metro.ca/images/h67/h28/12175548514334.jpg,https://www.metro.ca/en/online-grocery/search-page-215
AURORA,Cauliflower Marinated In Hot Oil,500 mL,"$5.49
 ea.",,$1.10 /100ml,"Regular price
$6.29  ea.","Valid until Jan 24, 2024",,https://www.metro.ca/en/online-grocery/search-page-215
TRUE NORTH,Frozen Red Crab Meat,200 g,"$14.99
 ea.",,$7.50 /100g,,,https://product-images.metro.ca/images/h88/h48/11401401532446.jpg,https://www.metro.ca/en/online-grocery/search-page-215
JANES,Cooked Chicken Burger,700 g,"$16.99
 ea.",,$2.43 /100g,,,https://product-images.metro.ca/images/h92/h11/10254220656670.jpg,https://www.metro.ca/en/online-grocery/search-page-216
JANES,Cooked Chicken Nuggets,700 g,"$16.99
 ea.",,$2.43 /100g,,,https://product-images.metro.ca/images/hc9/h3e/10254221803550.jpg,https://www.metro.ca/en/online-grocery/search-page-216
JANES,Cooked Chicken Strips,700 g,"$16.99
 ea.",,$2.43 /100g,,,https://product-images.metro.ca/images/h6b/ha2/10254222131230.jpg,https://www.metro.ca/en/online-grocery/search-page-216
JANES,Popcorn Chicken,700 g,"$16.99
 ea.",,$2.43 /100g,,,https://product-images.metro.ca/images/hc4/hc9/10254220296222.jpg,https://www.metro.ca/en/online-grocery/search-page-216
JANES,Frozen Chicken Fries,700 g,"$16.99
 ea.",,$2.43 /100g,,,https://product-images.metro.ca/images/hea/h86/10254224392222.jpg,https://www.metro.ca/en/online-grocery/search-page-216
INCOGNITO,Ultra Thin Regular Pads,36 un,"$9.99
 ea.",,$0.28 /un.,,,https://product-images.metro.ca/images/h82/he4/9878233284638.jpg,https://www.metro.ca/en/online-grocery/search-page-216
SAPUTO,Doré-Mi Cheese,235 g,"$10.49
 ea.",,$4.46 /100g,"Regular price
$11.29  ea.","Valid until Jan 17, 2024",https://product-images.metro.ca/images/hd5/h9a/10327758766110.jpg,https://www.metro.ca/en/online-grocery/search-page-216
ST-MÉTHODE,"Sliced White Loaf, Campagnolo",625 g,"$4.99
 ea.",,$0.80 /100g,,,,https://www.metro.ca/en/online-grocery/search-page-216
LA CHAUDIÈRE,"Twist Cheese, Déguédine",500 g,"$13.49
 ea.",,$2.70 /100g,,,,https://www.metro.ca/en/online-grocery/search-page-216
ST-MÉTHODE,Organic Multi-Cereal Bread,550 g,"$6.99
 ea.",,$1.27 /100g,,,https://product-images.metro.ca/images/h1c/hc3/11430695960606.jpg,https://www.metro.ca/en/online-grocery/search-page-216
ST-MÉTHODE,Organic Integral Bread,550 g,"$6.99
 ea.",,$1.27 /100g,,,https://product-images.metro.ca/images/h23/h71/11439491088414.jpg,https://www.metro.ca/en/online-grocery/search-page-216
STARBUCKS,"Vanilla Flavoured Energizing Drink, TripleShot",444 mL,"$3.99
 ea.",,$0.90 /100ml,,,,https://www.metro.ca/en/online-grocery/search-page-216
STARBUCKS,"Cafe Moka Flavoured Energizing Drink, TripleShot",444 mL,"$3.99
 ea.",,$0.90 /100ml,,,,https://www.metro.ca/en/online-grocery/search-page-216
EXOTIC,Chocolate Wafers,300 g,"$4.69
 ea.",,$1.56 /100g,,,https://product-images.metro.ca/images/h84/h12/10073636995102.jpg,https://www.metro.ca/en/online-grocery/search-page-216
LA PARISIENNE,Lemon Scented Sure Fiber Bleach,1.27 L,"$3.49
 ea.",,$0.27 /100ml,,,https://product-images.metro.ca/images/hb7/hfd/11761649778718.jpg,https://www.metro.ca/en/online-grocery/search-page-216
LA PARISIENNE,Fabric Protection Bleach,2.4 L,"$5.49
 ea.",,$0.23 /100ml,,,https://product-images.metro.ca/images/hf7/hc3/11761649188894.jpg,https://www.metro.ca/en/online-grocery/search-page-216
LA PARISIENNE,Tranquilia Scented Liquid Fabric Softener,1.49 L - 55 loads,"$5.49
 ea.",,$0.37 /100ml,,,https://product-images.metro.ca/images/hce/h8d/10542320615454.jpg,https://www.metro.ca/en/online-grocery/search-page-216
LA PARISIENNE,Serenity Scented Liquid Fabric Softener,1.49 L - 55 loads,"$5.49
 ea.",,$0.37 /100ml,,,https://product-images.metro.ca/images/h5c/h9b/10542262353950.jpg,https://www.metro.ca/en/online-grocery/search-page-216
LA PARISIENNE,Edenia Scented Liquid Fabric Softener,1.49 L - 55 loads,"$5.49
 ea.",,$0.37 /100ml,,,https://product-images.metro.ca/images/hab/hc6/10496402423838.jpg,https://www.metro.ca/en/online-grocery/search-page-216
LA PARISIENNE,Pomelo Punch Scented Liquid Fabric Softener,1.49 L - 55 loads,"$5.49
 ea.",,$0.37 /100ml,,,https://product-images.metro.ca/images/h39/h08/10541687144478.jpg,https://www.metro.ca/en/online-grocery/search-page-216
LA PARISIENNE,Hypoallergenic Liquid Fabric Softener,1.49 L - 55 loads,"$5.49
 ea.",,$0.37 /100ml,,,https://product-images.metro.ca/images/hfc/hcc/10496291438622.jpg,https://www.metro.ca/en/online-grocery/search-page-216
LA PARISIENNE,Citrus Scented Liquid Fabric Softener,55 loads - 1.49 L,"$5.49
 ea.",,$0.37 /100ml,,,https://product-images.metro.ca/images/hba/hd8/10542151663646.jpg,https://www.metro.ca/en/online-grocery/search-page-216
LA PARISIENNE,"Biodegradable Softener, Inspira",5.4 L,"$13.99
 ea.",,$0.26 /100ml,,,,https://www.metro.ca/en/online-grocery/search-page-216
LA PARISIENNE,"Inspira Liquid Fabric Softener, Ultra",2.7 L,"$8.79
 ea.",,$0.33 /100ml,,,,https://www.metro.ca/en/online-grocery/search-page-216
LA PARISIENNE,"Tranquilia Liquid Fabric Softener, Ultra",2.7 L,"$8.79
 ea.",,$0.33 /100ml,,,,https://www.metro.ca/en/online-grocery/search-page-216
PURE LEAF,Blackberry Flavoured Iced Tea,547 mL,"$2.99
 ea.",,$0.55 /100ml,,,https://product-images.metro.ca/images/hf7/h4b/11735363190814.jpg,https://www.metro.ca/en/online-grocery/search-page-216
PEPSI,Zero Sugar Soft Drink,1 L,"$2.19
 ea.",,$0.22 /100ml,,,https://product-images.metro.ca/images/h8a/ha6/12354537750558.jpg,https://www.metro.ca/en/online-grocery/search-page-216
STARFRIT,Tongs Set,1 un,"$7.29
 ea.",,$7.29 /un.,,,https://www.metro.ca/images/shared/placeholders/icon-no-picture.svg?v=2023.71.1.d1,https://www.metro.ca/en/online-grocery/search-page-216
STARFRIT,Grey Peeler,1 un,"$6.89
 ea.",,$6.89 /un.,,,https://www.metro.ca/images/shared/placeholders/icon-no-picture.svg?v=2023.71.1.d1,https://www.metro.ca/en/online-grocery/search-page-216
STARFRIT,Digital Thermometer,1 un,"$14.99
 ea.",,$14.99 /un.,,,https://product-images.metro.ca/images/hd9/hbb/10323445055518.jpg,https://www.metro.ca/en/online-grocery/search-page-216
STARFRIT,"Swivel Blade Peeler, Gourmet Steel",1 un,"$6.69
 ea.",,$6.69 /un.,,,,https://www.metro.ca/en/online-grocery/search-page-217
STARFRIT,Lid Rack,1 un,"$9.99
 ea.",,$9.99 /un.,,,https://www.metro.ca/images/shared/placeholders/icon-no-picture.svg?v=2023.71.1.d1,https://www.metro.ca/en/online-grocery/search-page-217
STARFRIT,Wooden Rolling Pin,1 un,"$9.99
 ea.",,$9.99 /un.,,,https://www.metro.ca/images/shared/placeholders/icon-no-picture.svg?v=2023.71.1.d1,https://www.metro.ca/en/online-grocery/search-page-217
STARFRIT,Garlic Press Iwith Scraper,1 un,"$14.99
 ea.",,$14.99 /un.,,,https://www.metro.ca/images/shared/placeholders/icon-no-picture.svg?v=2023.71.1.d1,https://www.metro.ca/en/online-grocery/search-page-217
STARFRIT,Canning Rack,1 un,"$16.99
 ea.",,$16.99 /un.,,,https://www.metro.ca/images/shared/placeholders/icon-no-picture.svg?v=2023.71.1.d1,https://www.metro.ca/en/online-grocery/search-page-217
STARFRIT,Multi-Purpose Kitchen Accessory,1 un,"$8.49
 ea.",,$8.49 /un.,,,https://www.metro.ca/images/shared/placeholders/icon-no-picture.svg?v=2023.71.1.d1,https://www.metro.ca/en/online-grocery/search-page-217
STARFRIT,"12-Piece Food Container Set, LocknLock",1 un,"$13.79
 ea.",,$13.79 /un.,,,,https://www.metro.ca/en/online-grocery/search-page-217
STARFRIT,Jar Lifter,1 un,"$13.99
 ea.",,$13.99 /un.,,,https://www.metro.ca/images/shared/placeholders/icon-no-picture.svg?v=2023.71.1.d1,https://www.metro.ca/en/online-grocery/search-page-217
STARFRIT,Canning Scoop,1 un,"$9.99
 ea.",,$9.99 /un.,,,https://www.metro.ca/images/shared/placeholders/icon-no-picture.svg?v=2023.71.1.d1,https://www.metro.ca/en/online-grocery/search-page-217
STARFRIT,Canning Funnel,1 un,"$9.99
 ea.",,$9.99 /un.,,,https://www.metro.ca/images/shared/placeholders/icon-no-picture.svg?v=2023.71.1.d1,https://www.metro.ca/en/online-grocery/search-page-217
STARFRIT,Lid Lifter,1 un,"$4.99
 ea.",,$4.99 /un.,,,https://www.metro.ca/images/shared/placeholders/icon-no-picture.svg?v=2023.71.1.d1,https://www.metro.ca/en/online-grocery/search-page-217
POWERADE,Blue Raspberry Flavoured Zero Sugar Sport Drink,710 mL,"2 / 
$4.00",,$0.28 /100ml,"Regular price
$2.49  ea.","Valid until Jan 24, 2024",https://product-images.metro.ca/images/hc5/hd0/11412632403998.jpg,https://www.metro.ca/en/online-grocery/search-page-217
COCA-COLA,"Soft Drink, Zero Caffeine",6x222 mL,"2 / 
$8.00",,$1.80 /100ml,"Regular price
$5.79  ea.","Valid until Jan 24, 2024",,https://www.metro.ca/en/online-grocery/search-page-217
ARTE NOVA,Spanish Rosé Wine,1 L,"$11.99
 ea.",,$1.20 /100ml,,,https://product-images.metro.ca/images/h4d/hbd/10475503255582.jpg,https://www.metro.ca/en/online-grocery/search-page-217
MONT-ROUGE,Pink Grapefruit Sparkling Cider Cocktail,355 mL,"$3.99
 ea.",,$1.12 /100ml,,,https://product-images.metro.ca/images/hc0/h63/10123829772318.jpg,https://www.metro.ca/en/online-grocery/search-page-217
MONT-ROUGE,Strawberry And Basil Flavoured Crackling Carbonated ...,355 mL,"$3.99
 ea.",,$1.12 /100ml,,,,https://www.metro.ca/en/online-grocery/search-page-217
STEFANO,Organic Italian White Wine,750 mL - bottle,"$15.99
 ea.",,$2.13 /100ml,,,https://product-images.metro.ca/images/h4d/ha0/10476999999518.jpg,https://www.metro.ca/en/online-grocery/search-page-217
STEFANO,Organic Italian Red Wine,750 mL - bottle,"$15.99
 ea.",,$2.13 /100ml,,,https://product-images.metro.ca/images/he2/h51/10476998852638.jpg,https://www.metro.ca/en/online-grocery/search-page-217
ROUGEMONT,"Apple Berry Mixed Fruit Juice Boxes, Orchard Collection",8x200 mL,"$5.19
 ea.",,$2.60 /100ml,,,,https://www.metro.ca/en/online-grocery/search-page-217
ROUGEMONT,"Not From Concentrate Apple Juice Boxes, Orchard Coll...",8x200 mL,"$5.19
 ea.",,$2.60 /100ml,,,,https://www.metro.ca/en/online-grocery/search-page-217
ROUGEMONT,"Orchard Medley Mixed Fruit Juice Boxes, Orchard Coll...",8x200 mL,"$5.19
 ea.",,$2.60 /100ml,,,,https://www.metro.ca/en/online-grocery/search-page-217
STEFANO,Organic Italian Rosé Wine,750 mL,"$15.99
 ea.",,$2.13 /100ml,,,https://product-images.metro.ca/images/h7c/h59/10767302688798.jpg,https://www.metro.ca/en/online-grocery/search-page-217
LAURA SECORD,85% Cocoa Dark Chocolate Bar,100 g,"$3.79
 ea.",,$3.79 /100g,,,https://product-images.metro.ca/images/h1c/h11/11257300713502.jpg,https://www.metro.ca/en/online-grocery/search-page-217
STEFANO,Organic Italian Red Wine,750 mL,"$15.99
 ea.",,$2.13 /100ml,,,https://product-images.metro.ca/images/hfe/hdc/10913500725278.jpg,https://www.metro.ca/en/online-grocery/search-page-217
OASIS,"Berry Pomegranate Antioxidant Juice, Health Break",1.6 L,"$3.99
 ea.",,$0.25 /100ml,"Regular price
$5.49  ea.","Valid until Jan 10, 2024",,https://www.metro.ca/en/online-grocery/search-page-217
JOIE,Eggy Egg Timer,1 un,"$4.99
 ea.",,$4.99 /un.,,,https://product-images.metro.ca/images/h18/haf/10073467060254.jpg,https://www.metro.ca/en/online-grocery/search-page-217
GALLO,Extra Virgin Olive Oil,3 L,"$42.99
 ea.",,$1.43 /100ml,,,https://product-images.metro.ca/images/h22/hea/9348224483358.jpg,https://www.metro.ca/en/online-grocery/search-page-217
LACTANTIA,1% Chocolate Milk,6x237 mL,"$7.49
 ea.",,$0.53 /100ml,,,https://product-images.metro.ca/images/h4e/h6b/12083995901982.jpg,https://www.metro.ca/en/online-grocery/search-page-217
CRACKER BARREL,Medium Yellow Cheddar Cheese,400 g,"$7.99
 ea.",,$2.00 /100g,,,https://product-images.metro.ca/images/h6c/h7a/10250384801822.jpg,https://www.metro.ca/en/online-grocery/search-page-217
CRACKER BARREL,Extra Old White Cheddar Cheese,400 g,"$7.99
 ea.",,$2.00 /100g,,,https://product-images.metro.ca/images/h19/h44/10101123088414.jpg,https://www.metro.ca/en/online-grocery/search-page-217
TRUE NORTH,Frozen Seasoned Atlantic Salmon Burgers,568 g,"$13.99
 ea.",,$2.46 /100g,,,https://product-images.metro.ca/images/h8e/hae/10035911524382.jpg,https://www.metro.ca/en/online-grocery/search-page-218
NESTLÉ,"Caramel Crunch Flavoured Chocolate Bar, Kit Kat",120 g,"$2.49
 ea.",,$2.07 /100g,"Regular price
$3.49  ea.","Valid until Jan 10, 2024",,https://www.metro.ca/en/online-grocery/search-page-218
NESTLÉ,"Double Double Chocolate Bar, Coffee Crisp",50 g,"$1.59
 ea.",,$3.18 /100g,,,,https://www.metro.ca/en/online-grocery/search-page-218
NESTLÉ,"Pop Corn Chocolate Bar, Kit Kat",48 g,"$1.59
 ea.",,$3.31 /100g,,,,https://www.metro.ca/en/online-grocery/search-page-218
NESTLÉ,"Peppermint Chocolate Bar, Aero",63 g,"$2.29
 ea.",,$0.06 /100g,,,,https://www.metro.ca/en/online-grocery/search-page-218
NESTLÉ,"Chunky Drumstick Chocolate Bar, Kit Kat",48 g,"$1.59
 ea.",,$3.31 /100g,,,,https://www.metro.ca/en/online-grocery/search-page-218
YVES VEGGIE CUISINE,Spicy Vegan Veggie Dogs,275 g,"$4.99
 ea.",,$1.81 /100g,,,https://product-images.metro.ca/images/h7a/hc8/11761478402078.jpg,https://www.metro.ca/en/online-grocery/search-page-218
YVES VEGGIE CUISINE,"Vegan Weiners, Veggie Dogs",275 g,"$4.99
 ea.",,$1.81 /100g,,,,https://www.metro.ca/en/online-grocery/search-page-218
SENSODYNE,"Mint Flavoured Enamel Repaired Toothpaste, Pro Namel",75 mL,"$7.79
 ea.",,$7.79 /un.,,,,https://www.metro.ca/en/online-grocery/search-page-218
YVES VEGGIE CUISINE,Plant-Based Chorizo Ground Sausage,340 g,"$6.99
 ea.",,$2.06 /100g,,,https://product-images.metro.ca/images/hfc/h06/10024750546974.jpg,https://www.metro.ca/en/online-grocery/search-page-218
COUNTRY HARVEST,Flax & Quinoa Loaf Bread With 100% Whole Grain,600 g,"$5.49
 ea.",,$0.92 /100g,,,https://product-images.metro.ca/images/hfe/h30/10384294936606.jpg,https://www.metro.ca/en/online-grocery/search-page-218
COUNTRY HARVEST,Everything Loaf Bread Made With Whole Grains,600 g,"$5.49
 ea.",,$0.92 /100g,,,https://product-images.metro.ca/images/hca/h26/11665537892382.jpg,https://www.metro.ca/en/online-grocery/search-page-218
FERMA,Frozen Redfish,750 g,"$10.99
 ea.",,$1.47 /100g,,,https://product-images.metro.ca/images/h34/h05/11274364387358.jpg,https://www.metro.ca/en/online-grocery/search-page-218
LA FOURNÉE DORÉE,Brioche Hot Dog Rolls,8 un,"$6.29
 ea.",,$0.79 /un.,,,https://product-images.metro.ca/images/h3f/h9e/9847283318814.jpg,https://www.metro.ca/en/online-grocery/search-page-218
OLYMPIC,3.5% Organic Plain Yogurt,1.75 kg,"$10.69
 ea.",,$0.61 /100g,,,https://product-images.metro.ca/images/hc9/ha1/10443268718622.jpg,https://www.metro.ca/en/online-grocery/search-page-218
MIRAGE,Tuna Press Stainer,1 un,"$1.59
 ea.",,$1.59 /un.,,,https://product-images.metro.ca/images/hb8/ha8/11521716682782.jpg,https://www.metro.ca/en/online-grocery/search-page-218
MIRAGE,Bamboo Paddle Skewers,60 un,"$3.29
 ea.",,$3.29 /un.,,,https://product-images.metro.ca/images/hb9/h55/11073328349214.jpg,https://www.metro.ca/en/online-grocery/search-page-218
MIRAGE,Stainless Steel Ice Cream Scoop,1 un,"$9.49
 ea.",,$9.49 /un.,,,https://product-images.metro.ca/images/h0e/h0b/11521703444510.jpg,https://www.metro.ca/en/online-grocery/search-page-218
TANGEE,Thin Birthday Candles,24 un,"$1.59
 ea.",,$0.07 /un.,,,https://product-images.metro.ca/images/h27/hc5/11521942290462.jpg,https://www.metro.ca/en/online-grocery/search-page-218
OLYMPIC,4% Organic Plain Greek Yogurt,650 g,"$5.99
 ea.",,$0.92 /100g,"Regular price
$7.49  ea.","Valid until Feb 14, 2024",https://product-images.metro.ca/images/h04/h81/9847296294942.jpg,https://www.metro.ca/en/online-grocery/search-page-218
HUMPTY DUMPTY,"Partymix All Dressed Snack, PartyMix",250 g,"$4.99
 ea.",,$2.00 /100g,,,,https://www.metro.ca/en/online-grocery/search-page-218
HUMPTY DUMPTY,"Partymix Original Snack, PartyMix",250 g,"$4.99
 ea.",,$2.00 /100g,,,,https://www.metro.ca/en/online-grocery/search-page-218
HUMPTY DUMPTY,"Cheese Flavoured Snack, PartyMix",250 g,"$4.99
 ea.",,$2.00 /100g,,,,https://www.metro.ca/en/online-grocery/search-page-218
MIRAGE,Selected Varieties Corn Skewers,6 un,"$1.99
 ea.",,$0.33 /un.,,,https://product-images.metro.ca/images/h34/h12/11521931771934.jpg,https://www.metro.ca/en/online-grocery/search-page-218
MIRAGE,Wine Butterfly-Style Bottle Opener,1 un,"$6.99
 ea.",,$6.99 /un.,,,https://www.metro.ca/images/shared/placeholders/icon-no-picture.svg?v=2023.71.1.d1,https://www.metro.ca/en/online-grocery/search-page-218
PERRIER,Lemon Flavoured Carbonated Natural Spring Water,8x330 mL,"$9.79
 ea.",,$0.37 /100ml,,,https://product-images.metro.ca/images/hf7/h71/11728580182046.jpg,https://www.metro.ca/en/online-grocery/search-page-218
PERRIER,Pink Grapefruit Flavoured Carbonated Natural Spring ...,8x330 mL,"$9.79
 ea.",,$0.37 /100ml,,,,https://www.metro.ca/en/online-grocery/search-page-218
PERRIER,Blackberry Flavoured Carbonated Natural Spring Water,8x330 mL,"$9.79
 ea.",,$0.37 /100ml,,,https://product-images.metro.ca/images/h91/hbd/11728576872478.jpg,https://www.metro.ca/en/online-grocery/search-page-218
PERRIER,Lime Flavoured Carbonated Natural Spring Water,8x330 mL,"$9.79
 ea.",,$0.37 /100ml,,,https://product-images.metro.ca/images/hf5/h9b/11728576118814.jpg,https://www.metro.ca/en/online-grocery/search-page-218
PERRIER,Orange Flavoured Carbonated Natural Spring Water,8x330 mL,"$9.79
 ea.",,$0.37 /100ml,,,https://product-images.metro.ca/images/hfa/h1e/11503765684254.jpg,https://www.metro.ca/en/online-grocery/search-page-218
STARBUCKS,Hazelnut Mocha Flavoured Coffee Enhancer,828 mL,"$9.29
 ea.",,$1.12 /100ml,,,https://product-images.metro.ca/images/h93/haf/12266667638814.jpg,https://www.metro.ca/en/online-grocery/search-page-219
DORA,"Orange, Grapefruit And Lemon Marmelade",500 mL,"$5.49
 ea.",,$1.10 /100ml,,,https://product-images.metro.ca/images/h18/h6b/10053840076830.jpg,https://www.metro.ca/en/online-grocery/search-page-219
DORA,Classic Raspberry Jam,500 mL,"$5.49
 ea.",,$1.10 /100ml,,,https://product-images.metro.ca/images/h85/ha9/11412609630238.jpg,https://www.metro.ca/en/online-grocery/search-page-219
DORA,Strawberry Rhubarb Flavoured Light Jam,500 mL,"$5.49
 ea.",,$1.10 /100ml,,,https://product-images.metro.ca/images/h46/hce/10053848236062.jpg,https://www.metro.ca/en/online-grocery/search-page-219
DORA,Fruit Ketchup,500 mL,"$4.49
 ea.",,$0.90 /100ml,"Regular price
$5.29  ea.","Valid until Jan 24, 2024",https://product-images.metro.ca/images/hd6/h59/12067120021534.jpg,https://www.metro.ca/en/online-grocery/search-page-219
VAN HOUTTE,Belgian Chocolate Flavoured K-Cup Coffee Pods,12 un,"$9.99
 ea.",,$0.83 /un.,"Regular price
$11.99  ea.","Valid until Feb 7, 2024",https://product-images.metro.ca/images/h9f/h17/12263482195998.jpg,https://www.metro.ca/en/online-grocery/search-page-219
VAN HOUTTE,Colombian Dark Ground Coffee,908 g,"$23.99
 ea.",,$2.64 /100g,,,https://product-images.metro.ca/images/hfd/h56/11412692729886.jpg,https://www.metro.ca/en/online-grocery/search-page-219
CANADA DRY,Zero Sugar Ginger Ale,6x222 mL,"2 / 
$8.00",,$1.80 /100ml,"Regular price
$5.79  ea.","Valid until Jan 24, 2024",https://product-images.metro.ca/images/h31/h72/12175516467230.jpg,https://www.metro.ca/en/online-grocery/search-page-219
CANADA DRY,Zero Sugar Ginger Ale,500 mL,"$2.99
 ea.",,$0.60 /100ml,,,https://product-images.metro.ca/images/h6a/h83/12175535079454.jpg,https://www.metro.ca/en/online-grocery/search-page-219
LIFE SMART,"Frozen Shelled Edamame, Organic",450 g,"$5.49
 ea.",,$1.22 /100g,,,,https://www.metro.ca/en/online-grocery/search-page-219
SELECTION,"Flavours Mix Candy, Swirl",325 g,"$6.00
 ea.",,$1.85 /100g,,,,https://www.metro.ca/en/online-grocery/search-page-219
LIFE SMART,Reduced Fat Mayonnaise Type Dressing,475 mL,"$3.49
 ea.",,$0.73 /100ml,,,https://product-images.metro.ca/images/h9f/h20/10323431358494.jpg,https://www.metro.ca/en/online-grocery/search-page-219
IRRESISTIBLES,Mammoth Hamburger Buns With Sesame Seeds,8 buns,"$4.99
 ea.",,$0.62 /un.,,,https://product-images.metro.ca/images/h20/h61/11133643030558.jpg,https://www.metro.ca/en/online-grocery/search-page-219
SELECTION,Light Tuna Chunks In Water,6x170 g,"$7.99
 ea.",,$0.78 /100g,,,https://product-images.metro.ca/images/h2a/h82/9719806853150.jpg,https://www.metro.ca/en/online-grocery/search-page-219
LIFE SMART,"Almond And Cashew Butter, Naturalia",340 g,"$10.99
 ea.",,$3.23 /100g,,,,https://www.metro.ca/en/online-grocery/search-page-219
LIFE SMART,"Tahini Butter, Naturalia",340 g,"$5.49
 ea.",,$1.61 /100g,,,,https://www.metro.ca/en/online-grocery/search-page-219
SELECTION,Gummy Bears Candy,325 g,"$4.00
 ea.",,$1.23 /100g,,,https://product-images.metro.ca/images/hc0/h70/9537255669790.jpg,https://www.metro.ca/en/online-grocery/search-page-219
SELECTION,Pink Mints Candy,350 g,"$5.00
 ea.",,$1.43 /100g,,,https://product-images.metro.ca/images/h24/h9f/9536015826974.jpg,https://www.metro.ca/en/online-grocery/search-page-219
SELECTION,Sour Teethers Candy,300 g,"$5.00
 ea.",,$1.67 /100g,,,https://product-images.metro.ca/images/hd4/h8f/9536606371870.jpg,https://www.metro.ca/en/online-grocery/search-page-219
SELECTION,White Mints Candy,350 g,"$5.00
 ea.",,$1.43 /100g,,,https://product-images.metro.ca/images/h10/h9c/9535889440798.jpg,https://www.metro.ca/en/online-grocery/search-page-219
SELECTION,Jumbo Gum Gummies Candy,380 g,"$4.00
 ea.",,$1.05 /100g,,,https://product-images.metro.ca/images/h26/h3e/9536632193054.jpg,https://www.metro.ca/en/online-grocery/search-page-219
SELECTION,Sour Peach Candy,345 g,"$5.00
 ea.",,$1.45 /100g,,,https://product-images.metro.ca/images/h4a/h48/9536029196318.jpg,https://www.metro.ca/en/online-grocery/search-page-219
SELECTION,Red Foot Candy,550 g,"$6.00
 ea.",,$1.09 /100g,,,https://product-images.metro.ca/images/h2b/h7d/9536820477982.jpg,https://www.metro.ca/en/online-grocery/search-page-219
SELECTION,Sour Dinosaurs Candy,350 g,"$5.00
 ea.",,$1.43 /100g,,,https://product-images.metro.ca/images/h00/h18/9536484409374.jpg,https://www.metro.ca/en/online-grocery/search-page-219
SELECTION,Jelly Beans Candy,425 g,"$5.00
 ea.",,$1.18 /100g,,,https://product-images.metro.ca/images/h5d/hdc/9535922274334.jpg,https://www.metro.ca/en/online-grocery/search-page-219
SELECTION,Scotch Mints Candy,400 g,"$5.00
 ea.",,$1.25 /100g,,,https://product-images.metro.ca/images/h85/hbe/9537073905694.jpg,https://www.metro.ca/en/online-grocery/search-page-219
SELECTION,Chicken Foot Gummy Candy,325 g,"$6.00
 ea.",,$1.85 /100g,,,https://product-images.metro.ca/images/hac/h2d/9537250885662.jpg,https://www.metro.ca/en/online-grocery/search-page-219
SELECTION,Jujubes Candy,350 g,"$4.00
 ea.",,$1.14 /100g,,,https://product-images.metro.ca/images/h72/hdf/9536701005854.jpg,https://www.metro.ca/en/online-grocery/search-page-219
IRRESISTIBLES,Frozen Large Raw Japanese Scallops,300 g,"$24.99
 ea.",,$8.33 /100g,,,https://product-images.metro.ca/images/hd2/hdb/9473623916574.jpg,https://www.metro.ca/en/online-grocery/search-page-219
IRRESISTIBLES,4" Chocolate Hazelnut Cake,290 g,"$12.49
 ea.",,$4.31 /100g,,"Valid until Jan 17, 2024",,https://www.metro.ca/en/online-grocery/search-page-219
IRRESISTIBLES,Raspberry Chocolate Cake,1.05 kg,"$29.99
 ea.",,$2.86 /100g,,,https://product-images.metro.ca/images/h5a/hb9/9471729139742.jpg,https://www.metro.ca/en/online-grocery/search-page-220
IRRESISTIBLES,Intense Chocolate Cake,1.02 kg,"$29.99
 ea.",,$2.94 /100g,,,https://product-images.metro.ca/images/h4b/h87/9471762563102.jpg,https://www.metro.ca/en/online-grocery/search-page-220
IRRESISTIBLES,6" Double Lemon Cake,625 g,"$20.99
 ea.",,$3.36 /100g,"Regular price
$22.49  ea.","Valid until Jan 17, 2024",,https://www.metro.ca/en/online-grocery/search-page-220
IRRESISTIBLES,6" Chocolate Hazelnut Cake,750 g,"$20.99
 ea.",,$2.80 /100g,"Regular price
$22.49  ea.","Valid until Jan 17, 2024",,https://www.metro.ca/en/online-grocery/search-page-220
LIFE SMART,"Amber Maple Syrup, Organic",540 mL,"$10.99
 ea.",,$2.04 /100ml,,,,https://www.metro.ca/en/online-grocery/search-page-220
LIFE SMART,"Creamy Peanut Butter, Organic",500 g,"$6.29
 ea.",,$1.26 /100g,,,,https://www.metro.ca/en/online-grocery/search-page-220
LIFE SMART,"Golden Maple Syrup, Organic",250 mL,"$7.29
 ea.",,$2.92 /100ml,,,,https://www.metro.ca/en/online-grocery/search-page-220
LIFE SMART,"Sesame Breadsticks, Organic",125 g,"$2.99
 ea.",,$2.39 /100g,,,,https://www.metro.ca/en/online-grocery/search-page-220
LIFE SMART,"Butter Flavoured Popcorn, Organic",282 g,"$3.29
 ea.",,$1.17 /100g,"Regular price
$3.99  ea.","Valid until Jan 24, 2024",,https://www.metro.ca/en/online-grocery/search-page-220
LIFE SMART,"Original Flavour Popcorn, Organic",246 g,"$3.29
 ea.",,$1.34 /100g,"Regular price
$3.99  ea.","Valid until Jan 24, 2024",,https://www.metro.ca/en/online-grocery/search-page-220
LIFE SMART,"Breadsticks, Organic",125 g,"$2.99
 ea.",,$2.39 /100g,,,,https://www.metro.ca/en/online-grocery/search-page-220
IRRESISTIBLES,Frozen Chicken Burrito Bowl,300 g,"$3.69
 ea.",,$1.23 /100g,,,https://product-images.metro.ca/images/hcc/h90/9871611592734.jpg,https://www.metro.ca/en/online-grocery/search-page-220
IRRESISTIBLES,Frozen Falafel Bowl,290 g,"$3.69
 ea.",,$1.27 /100g,,,https://product-images.metro.ca/images/h34/h6e/9950386716702.jpg,https://www.metro.ca/en/online-grocery/search-page-220
LIFE SMART,"Crunchy Peanut Butter, Organic",500 g,"$6.29
 ea.",,$1.26 /100g,,,,https://www.metro.ca/en/online-grocery/search-page-220
,Fruit And Vegetable Reusable Bag,5 un,"$2.99
 ea.",,$0.60 /un.,,,https://product-images.metro.ca/images/hc5/h41/10227526271006.jpg,https://www.metro.ca/en/online-grocery/search-page-220
IRRESISTIBLES,Frozen Vegan Chili Bowl,300 g,"$3.69
 ea.",,$1.23 /100g,,,https://product-images.metro.ca/images/h80/he6/9873213685790.jpg,https://www.metro.ca/en/online-grocery/search-page-220
IRRESISTIBLES,Frozen Red Curry Chicken Bowl,290 g,"$3.69
 ea.",,$1.27 /100g,,,https://product-images.metro.ca/images/hf6/h4e/9878035038238.jpg,https://www.metro.ca/en/online-grocery/search-page-220
SELECTION,Smooth Peanut Butter,2 kg,"$8.79
 ea.",,$0.44 /100g,,,https://product-images.metro.ca/images/hf4/heb/9774064861214.jpg,https://www.metro.ca/en/online-grocery/search-page-220
IRRESISTIBLES,Sea Salt And Vinegar Flavoured Old-Fashioned Chips,300 g,"$3.49
 ea.",,$1.16 /100g,,,https://product-images.metro.ca/images/h89/h23/9652107673630.jpg,https://www.metro.ca/en/online-grocery/search-page-220
SELECTION,70% Cocoa Baking Chocolate,170 g,"$4.99
 ea.",,$2.94 /100g,,,https://product-images.metro.ca/images/hdc/hd0/10040167497758.jpg,https://www.metro.ca/en/online-grocery/search-page-220
IRRESISTIBLES,"Dried Sausages Trio Slices, Antipasto Misto",100 g,"$8.49
 ea.",,$8.49 /100g,,,,https://www.metro.ca/en/online-grocery/search-page-220
SMIRNOFF ICE,"Peach And Mango Flavoured Alcoholic Malt Beverage, E...",473 mL,"$3.99
 ea.",,$0.84 /100ml,,,,https://www.metro.ca/en/online-grocery/search-page-220
SMIRNOFF ICE,"Cherry And Lime Flavoured Alcoholic Malt Beverage, E...",473 mL,"$3.99
 ea.",,$0.84 /100ml,,,,https://www.metro.ca/en/online-grocery/search-page-220
SMIRNOFF ICE,"Peach And Mango Flavoured Alcoholic Malt Beverage, E...",473 mL,"$3.99
 ea.",,$0.84 /100ml,,,,https://www.metro.ca/en/online-grocery/search-page-220
SMIRNOFF,"Rosé Sangria, Encore",473 mL,"$3.99
 ea.",,$0.84 /100ml,,,,https://www.metro.ca/en/online-grocery/search-page-220
SMIRNOFF,White Peach Rosé Flavoured Alcoholic Malt Beverage,6x355 mL,"$14.99
 ea.",,$0.70 /100ml,,,https://product-images.metro.ca/images/h0a/h47/9926199869470.jpg,https://www.metro.ca/en/online-grocery/search-page-220
SMIRNOFF,Raspberry Rosé Flavoured Alcoholic Sparkling Malt Be...,6x355 mL,"$14.99
 ea.",,$0.70 /100ml,,,,https://www.metro.ca/en/online-grocery/search-page-220
SMIRNOFF,Strawberry Rosé Flavoured Alcoholic Sparkling Malt B...,6x355 mL,"$14.99
 ea.",,$0.70 /100ml,,,,https://www.metro.ca/en/online-grocery/search-page-220
SMIRNOFF,"Pink Lemonade Flavoured Alcoholic Malt Beverage, Ice...",473 mL,"$3.99
 ea.",,$0.84 /100ml,,,,https://www.metro.ca/en/online-grocery/search-page-220
SMIRNOFF,Raspberry+Blackberry Flavoured Alcoholic Malt Bevera...,473 mL,"$3.99
 ea.",,$0.84 /100ml,,,,https://www.metro.ca/en/online-grocery/search-page-220
SMIRNOFF,"Alcoholic Malt Beverage Variety Pack, 4 Ways To Rosé",12x355 mL,"$24.99
 ea.",,$0.59 /100ml,"Regular price
$25.99  ea.","Valid until Feb 7, 2024",,https://www.metro.ca/en/online-grocery/search-page-221
SMIRNOFF,"Pink Limonade Flavoured Alcoholic Malt Beverage, Sel...",6x355 mL,"$14.99
 ea.",,$4.22 /100ml,,,,https://www.metro.ca/en/online-grocery/search-page-221
SMIRNOFF,"Black Cherry Flavoured Alcoholic Malt Beverage, Selt...",6x355 mL,"$14.99
 ea.",,$4.22 /100ml,,,,https://www.metro.ca/en/online-grocery/search-page-221
SMIRNOFF,"Berry Blast Flavoured Alcoholic Malt Beverage, Seltz...",6x355 mL,"$14.99
 ea.",,$4.22 /100ml,,,,https://www.metro.ca/en/online-grocery/search-page-221
KETTLE,Gluten Free Sea Salt And Vinegar Chips,198 g,"2 / 
$7.50",,$1.89 /100g,"Regular price
$4.49  ea.","Valid until Jan 24, 2024",https://product-images.metro.ca/images/h14/h68/11292909731870.jpg,https://www.metro.ca/en/online-grocery/search-page-221
KETTLE,Gluten Free Salt And Pepper Chips,198 g,"2 / 
$7.50",,$1.89 /100g,"Regular price
$4.49  ea.","Valid until Jan 24, 2024",https://product-images.metro.ca/images/hd0/hb7/11463559315486.jpg,https://www.metro.ca/en/online-grocery/search-page-221
KETTLE,Gluten Free Backyard Chips,198 g,"2 / 
$7.50",,$1.89 /100g,"Regular price
$4.49  ea.","Valid until Jan 24, 2024",https://product-images.metro.ca/images/hee/hdc/11463557775390.jpg,https://www.metro.ca/en/online-grocery/search-page-221
KETTLE,Gluten Free Pepperoncini Flavoured Chips,198 g,"2 / 
$7.50",,$1.89 /100g,"Regular price
$4.49  ea.","Valid until Jan 24, 2024",https://product-images.metro.ca/images/h8d/h33/11281673551902.jpg,https://www.metro.ca/en/online-grocery/search-page-221
SMIRNOFF,"Lemonade Flavoured Alcoholic Sparkling Water, Seltzer",12x355 mL,"$24.99
 ea.",,$7.04 /100ml,"Regular price
$25.99  ea.","Valid until Feb 7, 2024",,https://www.metro.ca/en/online-grocery/search-page-221
SMIRNOFF,Blue Raspberry Lemonade Alcoholic Malt Beverage,6x355 mL,"$14.99
 ea.",,$4.22 /100ml,,,https://product-images.metro.ca/images/h99/h16/11401461956638.jpg,https://www.metro.ca/en/online-grocery/search-page-221
GROLSCH,Premium Pilsner Beer,4x473 mL,"$10.99
 ea.",,$0.58 /100ml,"Regular price
$12.99  ea.","Valid until Feb 7, 2024",https://www.metro.ca/images/shared/placeholders/icon-no-picture.svg?v=2023.71.1.d1,https://www.metro.ca/en/online-grocery/search-page-221
SMIRNOFF,"Peach And Lemon Flavoured Alcoholic Malt Beverage, I...",6x355 mL,"$14.49
 ea.",,$4.08 /100ml,,,,https://www.metro.ca/en/online-grocery/search-page-221
SMIRNOFF,"Original Flavoured Alcoholic Malt Beverage, Ice Encore",6x355 mL,"$14.49
 ea.",,$4.08 /100ml,,,,https://www.metro.ca/en/online-grocery/search-page-221
SMIRNOFF,"Orange Flavoured Alcoholic Malt Beverage, Ice Encore",6x355 mL,"$14.49
 ea.",,$4.08 /100ml,,,,https://www.metro.ca/en/online-grocery/search-page-221
GROLSCH,Premium Pilsner Beer,12x355 mL,"$19.99
 ea.",,$0.23 /100ml,"Regular price
$21.99  ea.","Valid until Feb 7, 2024",https://www.metro.ca/images/shared/placeholders/icon-no-picture.svg?v=2023.71.1.d1,https://www.metro.ca/en/online-grocery/search-page-221
SMIRNOFF,"Pink Lemonade Flavoured Alcoholic Malt Beverage, Ice...",6x355 mL,"$14.49
 ea.",,$4.08 /100ml,,,,https://www.metro.ca/en/online-grocery/search-page-221
SMIRNOFF,"Raspberry Flavoured Alcoholic Malt Beverage, Ice Encore",6x355 mL,"$14.49
 ea.",,$4.08 /100ml,,,,https://www.metro.ca/en/online-grocery/search-page-221
SIMPLY ORGANIC,Organic Alfredo Sauce Mix,42 g,"$2.19
 ea.",,$5.21 /100g,"Regular price
$2.99  ea.","Valid until Jan 24, 2024",https://product-images.metro.ca/images/h24/h18/10184186855454.jpg,https://www.metro.ca/en/online-grocery/search-page-221
INCOGNITO,"Overnight Sanitary Napkins, Maxi",18 un,"$5.29
 ea.",,$0.29 /un.,,,,https://www.metro.ca/en/online-grocery/search-page-221
METROGO!,"Seasoned Pork Chops, Center Cut",2 chops per tray,"$6.43
 avg. ea.",(400 g avg.),$16.07 /kg$7.29 /lb.,,,https://product-images.metro.ca/images/hf3/hb3/9249715027998.jpg,https://www.metro.ca/en/online-grocery/search-page-221
METRO,Metro.Ca Unlimited Delivery (3-Month Plan),1 un,"$39.99
 ea.",,$39.99 /un.,,,https://product-images.metro.ca/images/h73/h2f/10499524886558.jpg,https://www.metro.ca/en/online-grocery/search-page-221
MERIT,Fruit Pie,500 g,"$10.49
 ea.",,$2.10 /100g,,,https://product-images.metro.ca/images/hfb/h4d/11188552204318.jpg,https://www.metro.ca/en/online-grocery/search-page-221
METROGO!,Almond Butter Chicken,1 un,"$9.83
 avg. ea.",(340 g avg.),$28.90 /kg$13.11 /lb.,,,https://product-images.metro.ca/images/h0d/hd6/10360160747550.jpg,https://www.metro.ca/en/online-grocery/search-page-221
MASTRO,Lactose-Free Chorizo Salami,,"$4.99
 / 100 g",,$49.90 /kg$22.63 /lb.,,,https://product-images.metro.ca/images/h11/hb7/10300296429598.jpg,https://www.metro.ca/en/online-grocery/search-page-221
METROGO!,Goat Cheese And Pear Salmon Pavés,,"$19.83
 avg. ea.",(500 g avg.),$39.66 /kg$17.99 /lb.,,,https://product-images.metro.ca/images/h32/h00/11931047624734.jpg,https://www.metro.ca/en/online-grocery/search-page-221
SELECTION,Eye Of Round Pastrami,,"$3.89
 / 100 g",,$38.90 /kg$17.64 /lb.,,,https://product-images.metro.ca/images/h65/h4b/10101341356062.jpg,https://www.metro.ca/en/online-grocery/search-page-221
,Almond Croissants,225 g,"$6.49
 ea.",,$2.88 /100g,,"Valid until Jan 17, 2024",https://product-images.metro.ca/images/h69/h40/9740316770334.jpg,https://www.metro.ca/en/online-grocery/search-page-221
,Frozen Northern Shrimp,Size 90-125,"$3.49
 / 100 g",,$34.90 /kg$15.83 /lb.,,,https://product-images.metro.ca/images/h83/h24/12156437397534.jpg,https://www.metro.ca/en/online-grocery/search-page-221
METROGO!,Egg Spread-Stuffed Buns Lunch Box,,"$6.99
 ea.",(425 ea. avg.),$2.25 /100g,,,https://product-images.metro.ca/images/hc8/h4a/9877929000990.jpg,https://www.metro.ca/en/online-grocery/search-page-221
METROGO!,Ham Spread Sandwich Lunch Box,,"$6.99
 ea.",(320 ea. avg.),$2.33 /100g,,,https://product-images.metro.ca/images/hfb/h50/11926771564574.jpg,https://www.metro.ca/en/online-grocery/search-page-222
METROGO!,Egg Sandwich Lunch Box,,"$6.99
 ea.",(320 ea. avg.),$2.33 /100g,,,https://product-images.metro.ca/images/h11/h9f/11926798630942.jpg,https://www.metro.ca/en/online-grocery/search-page-222
,Previously Frozen Sole Fillet,1 per tray,"$7.49
 avg. ea.",(200 g avg.),$37.46 /kg$16.99 /lb.,,,https://product-images.metro.ca/images/h90/h33/10184373698590.jpg,https://www.metro.ca/en/online-grocery/search-page-222
NAGANO,Bourbon Pork Tenderloin,1 per tray,"$11.89
 avg. ea.",(450 g avg.),$26.43 /kg$11.99 /lb.,,,https://product-images.metro.ca/images/h4e/h59/10090196336670.jpg,https://www.metro.ca/en/online-grocery/search-page-222
,Mini Flans,63 g,"$2.99
 ea.",,$4.75 /100g,,,https://product-images.metro.ca/images/h92/hc1/10763454021662.jpg,https://www.metro.ca/en/online-grocery/search-page-222
NAGANO,Pork Back Ribs,1 per tray,"$13.87
 avg. ea.",(700 g avg.),$19.82 /kg$8.99 /lb.,,,https://product-images.metro.ca/images/h3d/h1f/10139653373982.jpg,https://www.metro.ca/en/online-grocery/search-page-222
,Milk Fed Veal Chop,3 per tray,"$29.31
 avg. ea.",(700 g avg.),$41.87 /kg$18.99 /lb.,,,https://product-images.metro.ca/images/hc2/h3d/10323601621022.jpg,https://www.metro.ca/en/online-grocery/search-page-222
METROGO!,Pollock And Crab Sriracha-Stuffed Salmon Roast,1 per tray,"$29.75
 avg. ea.",(750 g avg.),$39.66 /kg$17.99 /lb.,,,https://product-images.metro.ca/images/had/h6a/10212561322014.jpg,https://www.metro.ca/en/online-grocery/search-page-222
,Whole Eye Of Round Beef,1 per tray,"$44.03
 avg. ea.","(2,500 g avg.)",$17.61 /kg$7.99 /lb.,,,https://product-images.metro.ca/images/h2f/h9b/10514825216030.jpg,https://www.metro.ca/en/online-grocery/search-page-222
,Whole Beef Brisket,1 per tray,"$128.83
 avg. ea.","(6,500 g avg.)",$19.82 /kg$8.99 /lb.,,,https://product-images.metro.ca/images/h76/h6a/10514818596894.jpg,https://www.metro.ca/en/online-grocery/search-page-222
METROGO!,Previously Frozen Shrimp Skewers,2 un,"$3.58
 ea.",,$3.89 /100g,,,https://product-images.metro.ca/images/h4e/h71/9365867298846.jpg,https://www.metro.ca/en/online-grocery/search-page-222
METROGO!,Frozen Shrimp Skewers,2 un,"$3.58
 ea.",,$3.89 /100g,,,https://product-images.metro.ca/images/h21/h8b/12216222187550.jpg,https://www.metro.ca/en/online-grocery/search-page-222
METROGO!,Frozen Tuna Skewers,2 un,"$7.98
 ea.",,$3.76 /100g,,,https://product-images.metro.ca/images/h41/h46/9365863596062.jpg,https://www.metro.ca/en/online-grocery/search-page-222
BUTTERBALL,Frozen Turkey Grade A,,"$70.40
 avg. ea.","(8,000 g avg.)",$8.80 /kg$3.99 /lb.,"Regular price
$9.90  avg. kg","Valid until Jan 17, 2024",https://www.metro.ca/images/shared/placeholders/icon-no-picture.svg?v=2023.71.1.d1,https://www.metro.ca/en/online-grocery/search-page-222
PREMIÈRE MOISSON,Quebec Apple Puff Pastry,4x90 g,"$6.99
 ea.",,$1.94 /100g,,,https://product-images.metro.ca/images/h7b/hf1/10944409010206.jpg,https://www.metro.ca/en/online-grocery/search-page-222
METROGO!,"General Tao Pork Meatballs, Value Pack",,"$23.88
 avg. ea.","(1,200 g avg.)",$19.90 /kg$9.03 /lb.,,,,https://www.metro.ca/en/online-grocery/search-page-222
METROGO!,"Italian Sausage Penne, Value Pack",,"$23.88
 avg. ea.","(1,200 g avg.)",$19.90 /kg$9.03 /lb.,,,,https://www.metro.ca/en/online-grocery/search-page-222
METROGO!,Chicken And Broccoli Farfalle Salad,,"$22.68
 avg. ea.","(1,200 g avg.)",$18.90 /kg$8.57 /lb.,,,https://product-images.metro.ca/images/hf8/h4c/11979668619294.jpg,https://www.metro.ca/en/online-grocery/search-page-222
CARRÉMENT TARTE,3" Round Raspberry And Chocolate Tarts,2x110 g,"2 / 
$14.00",,or $8.79 ea. $3.18 /100g,,"Valid until Jan 17, 2024",,https://www.metro.ca/en/online-grocery/search-page-222
CARRÉMENT TARTE,3" Round Lemon Tarts,2x80 g,"2 / 
$14.00",,or $8.79 ea. $4.38 /100g,,"Valid until Jan 17, 2024",,https://www.metro.ca/en/online-grocery/search-page-222
CARRÉMENT TARTE,3" Round S'Mores Tarts,2x80 g,"2 / 
$14.00",,or $8.79 ea. $4.38 /100g,,"Valid until Jan 17, 2024",,https://www.metro.ca/en/online-grocery/search-page-222
CARRÉMENT TARTE,Fruit Tarts,2x120 g,"2 / 
$14.00",,or $8.79 ea. $2.92 /100g,,"Valid until Jan 17, 2024",https://product-images.metro.ca/images/h5a/hf7/11445462597662.jpg,https://www.metro.ca/en/online-grocery/search-page-222
OLYMEL,Boneless Capicola Pork Shoulder Butt,,"$25.19
 avg. ea.","(2,160 g avg.)",$11.66 /kg$5.29 /lb.,,,https://product-images.metro.ca/images/hae/hdc/11058555256862.jpg,https://www.metro.ca/en/online-grocery/search-page-222
OLYMEL,Pork Back Ribs,1 per tray,"$17.44
 avg. ea.",(880 g avg.),$19.82 /kg$8.99 /lb.,,,https://product-images.metro.ca/images/hb4/h4d/11058571313182.jpg,https://www.metro.ca/en/online-grocery/search-page-222
,Hammer Style Beef Shank,,"$35.44
 avg. ea.","(2,300 g avg.)",$15.41 /kg$6.99 /lb.,,,https://product-images.metro.ca/images/h82/hec/11714386886686.jpg,https://www.metro.ca/en/online-grocery/search-page-222
METROGO!,Salmon Strips For Raclette,1 un,"$11.02
 avg. ea.",(250 g avg.),$44.07 /kg$19.99 /lb.,,,https://product-images.metro.ca/images/hb4/h94/11101331193886.jpg,https://www.metro.ca/en/online-grocery/search-page-222
.,Salmon Cubes For Fondue,1 un,"$11.02
 avg. ea.",(250 g avg.),$44.07 /kg$19.99 /lb.,,,https://product-images.metro.ca/images/h25/hf3/11101292265502.jpg,https://www.metro.ca/en/online-grocery/search-page-222
OLYMEL,Boneless Skinless Pork Belly,,"$27.74
 avg. ea.","(1,800 g avg.)",$15.41 /kg$6.99 /lb.,,,https://product-images.metro.ca/images/h29/hc6/11445428846622.jpg,https://www.metro.ca/en/online-grocery/search-page-222
,Double Chocolate Muffins,2x120 g,"$4.99
 ea.",,$2.08 /100g,,,https://product-images.metro.ca/images/haf/h45/11742336286750.jpg,https://www.metro.ca/en/online-grocery/search-page-222
,Blueberry Muffins,2x120 g,"$4.99
 ea.",,$2.08 /100g,,,https://www.metro.ca/images/shared/placeholders/icon-no-picture.svg?v=2023.71.1.d1,https://www.metro.ca/en/online-grocery/search-page-222
,Banana And Chocolate Muffins,2x120 g,"$4.99
 ea.",,$2.08 /100g,,,https://product-images.metro.ca/images/h23/ha9/11742373281822.jpg,https://www.metro.ca/en/online-grocery/search-page-223
,Cranberry And Orange Muffins,2x120 g,"$4.99
 ea.",,$2.08 /100g,,,https://product-images.metro.ca/images/he3/ha1/11742439800862.jpg,https://www.metro.ca/en/online-grocery/search-page-223
,Pear And Chocolate Muffins,2x120 g,"$4.99
 ea.",,$2.08 /100g,,,https://product-images.metro.ca/images/h30/ha7/11742398185502.jpg,https://www.metro.ca/en/online-grocery/search-page-223
MERIT,Rosemary And Sea Salt Focaccia,482 g,"$3.99
 ea.",,$0.83 /100g,,"Valid until Jan 17, 2024",https://product-images.metro.ca/images/h86/h78/11154120671262.jpg,https://www.metro.ca/en/online-grocery/search-page-223
FRESH TO GO,Tomato Sauce Italian Sausage Penne,,"$7.67
 avg. ea.",(350 g avg.),$21.90 /kg$9.93 /lb.,,,https://www.metro.ca/images/shared/placeholders/icon-no-picture.svg?v=2023.71.1.d1,https://www.metro.ca/en/online-grocery/search-page-223
FRESH TO GO,Chicken Broccoli Bow Pasta,,"$8.02
 avg. ea.",(350 g avg.),$22.90 /kg$10.39 /lb.,,,https://www.metro.ca/images/shared/placeholders/icon-no-picture.svg?v=2023.71.1.d1,https://www.metro.ca/en/online-grocery/search-page-223
MERIT,Molasses Cookies,15x33 g,"$7.49
 ea.",,$1.51 /100g,,,https://www.metro.ca/images/shared/placeholders/icon-no-picture.svg?v=2023.71.1.d1,https://www.metro.ca/en/online-grocery/search-page-223
METRO,Metro.Ca Unlimited Delivery (12-Month Plan),1 un,"$129.99
 ea.",,$129.99 /un.,,,https://product-images.metro.ca/images/h6e/hde/11988390510622.jpg,https://www.metro.ca/en/online-grocery/search-page-223
,Anise Fennel,Sold Individually,"$3.99
 ea.",,$3.99 /un.,,,https://product-images.metro.ca/images/h26/he0/10900209696798.jpg,https://www.metro.ca/en/online-grocery/search-page-223
,Royal Chocolate Cake,140 g,"$5.49
 ea.",,$3.92 /100g,,,https://www.metro.ca/images/shared/placeholders/icon-no-picture.svg?v=2023.71.1.d1,https://www.metro.ca/en/online-grocery/search-page-223
,Passion Fruit And Chocolate Cake,140 g,"$5.49
 ea.",,$3.92 /100g,,,https://www.metro.ca/images/shared/placeholders/icon-no-picture.svg?v=2023.71.1.d1,https://www.metro.ca/en/online-grocery/search-page-223
,Salted Caramel And Chocolate Cake,140 g,"$5.49
 ea.",,$3.92 /100g,,,https://www.metro.ca/images/shared/placeholders/icon-no-picture.svg?v=2023.71.1.d1,https://www.metro.ca/en/online-grocery/search-page-223
,Previously Frozen Pacific Cod Fillet,,"$8.81
 avg. ea.",(200 g avg.),$44.07 /kg$19.99 /lb.,,,https://product-images.metro.ca/images/hdc/h14/9246389469214.jpg,https://www.metro.ca/en/online-grocery/search-page-223
,Previously Frozen Or Fresh Haddock Fillet,,"$8.81
 avg. ea.",(200 g avg.),$44.07 /kg$19.99 /lb.,,,https://product-images.metro.ca/images/ha2/h40/9249736753182.jpg,https://www.metro.ca/en/online-grocery/search-page-223
METROGO!,Marinated Flank Steak,,"$24.29
 avg. ea.",(380 g avg.),$63.91 /kg$28.99 /lb.,,,https://product-images.metro.ca/images/hbc/hf8/11930968621086.jpg,https://www.metro.ca/en/online-grocery/search-page-223
CLARK,Maple Syrup Beans,400 mL,"$4.79
 ea.",,$1.20 /100ml,"Regular price
$5.29  ea.","Valid until Jan 17, 2024",https://product-images.metro.ca/images/h41/he8/11461858787358.jpg,https://www.metro.ca/en/online-grocery/search-page-223
HERTEL,Lavender Freshness Scented All Purpose Desinfectant ...,1.4 L,"$5.29
 ea.",,$0.38 /100ml,,,,https://www.metro.ca/en/online-grocery/search-page-223
HERTEL,Basil And Cucumber Scented Biodegradable Multi Purpo...,700 mL,"$4.39
 ea.",,$0.63 /100ml,,,,https://www.metro.ca/en/online-grocery/search-page-223
KELLOGG'S,"Vanilla Flavoured Holiday Cereal, Elf On The Shelf",346 g,"$3.40
 ea.",,$0.98 /100g,"Regular price
$6.79  ea.","Valid until Mar 28, 2024",,https://www.metro.ca/en/online-grocery/search-page-223
CHEEZ-IT,Old White Cheddar Flavoured Crackers,191 g,"$4.49
 ea.",,$2.35 /100g,,,https://product-images.metro.ca/images/h4b/hdc/9523643482142.jpg,https://www.metro.ca/en/online-grocery/search-page-223
CHEEZ-IT,Original Crackers,200 g,"$4.49
 ea.",,$2.25 /100g,,,https://product-images.metro.ca/images/hc0/h28/9523655442462.jpg,https://www.metro.ca/en/online-grocery/search-page-223
NATURE VALLEY,"Oats 'N' Honey Crunchy Granola Bars Value Pack, Crunchy",690 g,"$9.99
 ea.",,$1.45 /100g,,,,https://www.metro.ca/en/online-grocery/search-page-223
NATURE VALLEY,"Nut Chewy Granola Bars Value Pack, Sweet & Salty",525 g,"$9.99
 ea.",,$1.90 /100g,,,,https://www.metro.ca/en/online-grocery/search-page-223
CHEEZ-IT,Italian Four Cheese Flavoured Crackers,200 g,"$4.49
 ea.",,$2.25 /100g,,,https://product-images.metro.ca/images/hcb/hfb/10475509121054.jpg,https://www.metro.ca/en/online-grocery/search-page-223
CHEEZ-IT,Extra Cheesy Flavoured Crackers,200 g,"$4.49
 ea.",,$2.25 /100g,,,https://product-images.metro.ca/images/h9f/h1f/10845239935006.jpg,https://www.metro.ca/en/online-grocery/search-page-223
LIVE CLEAN,Coconut Milk Liquid Hand Soap,500 mL,"$6.49
 ea.",,$1.30 /100ml,,,https://product-images.metro.ca/images/hcf/h3b/10715420819486.jpg,https://www.metro.ca/en/online-grocery/search-page-223
LIVE CLEAN,Argan Oil Nectar Liquid Hand Soap,500 mL,"$6.49
 ea.",,$1.30 /100ml,,,https://product-images.metro.ca/images/h37/h73/10821356159006.jpg,https://www.metro.ca/en/online-grocery/search-page-223
LIVE CLEAN,Fresh Water Scented Liquid Hand Soap,500 mL,"$6.49
 ea.",,$1.30 /100ml,,,https://product-images.metro.ca/images/had/h4e/10727377731614.jpg,https://www.metro.ca/en/online-grocery/search-page-223
LIBERTÉ,1% Strawberry Flavoured Kefir,1 L,"$6.49
 ea.",,$0.65 /100g,,,https://product-images.metro.ca/images/h8f/h57/9903985852446.jpg,https://www.metro.ca/en/online-grocery/search-page-223
LIBERTÉ,1% Plain Kefir,1 L,"$6.49
 ea.",,$0.65 /100g,,,https://product-images.metro.ca/images/h58/hc0/9903986376734.jpg,https://www.metro.ca/en/online-grocery/search-page-223
LIVE CLEAN,Aromatherapy Foam Bath,750 mL,"$8.99
 ea.",,$1.20 /100ml,,,https://product-images.metro.ca/images/h5c/h48/10946171961374.jpg,https://www.metro.ca/en/online-grocery/search-page-224
YOPLAIT,"Strawberry And Raspberry Flavoured Drinkable Yogurt,...",8x93 mL,"$7.29
 ea.",,$0.98 /100ml,,,,https://www.metro.ca/en/online-grocery/search-page-224
LIBERTÉ,"1.5% Raspberry And Pomegranate Flavoured Yogurt, Cla...",1 L,"$7.29
 ea.",,$0.73 /100ml,,,,https://www.metro.ca/en/online-grocery/search-page-224
L'ORÉAL,"Anti-Wrinkle Night Cream, Revitalift",50 mL,"$27.99
 ea.",,$55.98 /100ml,,,,https://www.metro.ca/en/online-grocery/search-page-224
LIBERTÉ,1% Mango Flavoured Kefir,1 L,"$6.49
 ea.",,$0.65 /100g,,,https://product-images.metro.ca/images/h9c/hc7/9903980806174.jpg,https://www.metro.ca/en/online-grocery/search-page-224
LILY & JAX,Dogs Food With Salmon,2 kg,"$15.49
 ea.",,$0.77 /100g,"Regular price
$16.49  ea.","Valid until Jan 24, 2024",https://product-images.metro.ca/images/h97/h50/10143938740254.jpg,https://www.metro.ca/en/online-grocery/search-page-224
LILY & JAX,Cats Food With Salmon,1.6 kg,"$15.49
 ea.",,$0.97 /100g,"Regular price
$16.49  ea.","Valid until Jan 24, 2024",https://product-images.metro.ca/images/h04/hb9/11643023261726.jpg,https://www.metro.ca/en/online-grocery/search-page-224
LILY & JAX,Dogs Food With Turkey,2 kg,"$15.49
 ea.",,$0.77 /100g,"Regular price
$16.49  ea.","Valid until Jan 24, 2024",https://product-images.metro.ca/images/h03/h80/12191859146782.jpg,https://www.metro.ca/en/online-grocery/search-page-224
LILY & JAX,Chicken Dogs Food,2 kg,"$15.49
 ea.",,$0.77 /100g,"Regular price
$16.49  ea.","Valid until Jan 24, 2024",https://product-images.metro.ca/images/h19/ha5/10904328765470.jpg,https://www.metro.ca/en/online-grocery/search-page-224
LILY & JAX,Lamb Dogs Food,2 kg,"$15.49
 ea.",,$0.77 /100g,"Regular price
$16.49  ea.","Valid until Jan 24, 2024",https://product-images.metro.ca/images/h0b/h4e/10904214667294.jpg,https://www.metro.ca/en/online-grocery/search-page-224
BOUCHERIE CHARCUTERIE PERRON,White Ham,,"$3.99
 / 100 g",,$39.90 /kg$18.10 /lb.,,,https://product-images.metro.ca/images/h12/h52/10809653461022.jpg,https://www.metro.ca/en/online-grocery/search-page-224
OKA,Original Cheese,1 piece,"$8.73
 avg. ea.",(175 g avg.),$49.90 /kg$22.63 /lb.,,,https://product-images.metro.ca/images/hee/hb5/10967818666014.jpg,https://www.metro.ca/en/online-grocery/search-page-224
,Previously Frozen European Pickerel Fillet,,"$10.58
 avg. ea.",(200 g avg.),$52.89 /kg$23.99 /lb.,,,https://product-images.metro.ca/images/h03/h85/9708320817182.jpg,https://www.metro.ca/en/online-grocery/search-page-224
,Previously Frozen Or Fresh Boneless Turbot Fillet,,"$8.81
 avg. ea.",(200 g avg.),$44.07 /kg$19.99 /lb.,,,https://product-images.metro.ca/images/h08/hf0/9430704947230.jpg,https://www.metro.ca/en/online-grocery/search-page-224
,Fresh Atlantic Turbot Fillet,,"$8.81
 avg. ea.",(200 g avg.),$44.07 /kg$19.99 /lb.,,,https://product-images.metro.ca/images/h4e/h2a/9708317409310.jpg,https://www.metro.ca/en/online-grocery/search-page-224
METROGO!,Sriracha Pollock Salad Rolls,,"$3.96
 avg. ea.",(200 g avg.),$19.82 /kg$8.99 /lb.,,,https://product-images.metro.ca/images/hf8/h2e/9279589416990.jpg,https://www.metro.ca/en/online-grocery/search-page-224
IRRESISTIBLES,Grana Padano Riserva Cheese Aged 20 Months,1 piece,"$10.79
 avg. ea.",(230 g avg.),$46.90 /kg$21.27 /lb.,,,https://product-images.metro.ca/images/h82/h45/9244893577246.jpg,https://www.metro.ca/en/online-grocery/search-page-224
LA ROCCA,Swiss Chocolate Truffle Cake,1.3 kg,"$35.99
 ea.",,$2.77 /100g,,,https://product-images.metro.ca/images/h20/h0a/9279474597918.jpg,https://www.metro.ca/en/online-grocery/search-page-224
ALEXIS DE PORTNEUF,Le Brie De Portneuf Brie Cheese,1 piece,"$8.08
 avg. ea.",(180 g avg.),$44.90 /kg$20.37 /lb.,"Regular price
$49.90  avg. kg","Valid until Jan 17, 2024",https://product-images.metro.ca/images/hd8/h0c/9301464645662.jpg,https://www.metro.ca/en/online-grocery/search-page-224
METROGO!,"Seasoned Chicken Drumsticks, Value Pack",10 per tray,"$13.99
 avg. ea.","(1,200 g avg.)",$11.66 /kg$5.29 /lb.,,,,https://www.metro.ca/en/online-grocery/search-page-224
MERITE,Chocolate Croissants,3x75 g,"$6.49
 ea.",,$7.64 /100g,,"Valid until Jan 17, 2024",https://product-images.metro.ca/images/h59/hee/10294876176414.jpg,https://www.metro.ca/en/online-grocery/search-page-224
,Bone-In Skinless Smoked Ham Quarter,,"$38.64
 avg. ea.","(2,700 g avg.)",$14.31 /kg$6.49 /lb.,"Regular price
$15.41  avg. kg","Valid until Jan 17, 2024",https://product-images.metro.ca/images/hb2/h72/9322499047454.jpg,https://www.metro.ca/en/online-grocery/search-page-224
LIFE SMART,"Skinless Boneless Grain-Fed Chicken Thighs, Naturalia",4 per tray,"$10.13
 avg. ea.",(400 g avg.),$25.33 /kg$11.49 /lb.,,,,https://www.metro.ca/en/online-grocery/search-page-224
LIFE SMART,"Grain-Fed Whole Chicken, Naturalia",1 un,"$22.00
 avg. ea.","(2,000 g avg.)",$11.00 /kg$4.99 /lb.,,,,https://www.metro.ca/en/online-grocery/search-page-224
METROGO!,Maple Ham And Vegetables Meatballs,1 un,"$5.97
 avg. ea.",(300 g avg.),$19.90 /kg$9.03 /lb.,,,https://product-images.metro.ca/images/h0c/h89/11931049132062.jpg,https://www.metro.ca/en/online-grocery/search-page-224
,Perle Bleue Cheese,1 morceau,"$8.54
 avg. ea.",(150 g avg.),$56.90 /kg$25.81 /lb.,,,https://product-images.metro.ca/images/h15/h6f/10444504236062.jpg,https://www.metro.ca/en/online-grocery/search-page-224
BERGERON,Classic Gouda,,"$11.96
 avg. ea.",(400 g avg.),$29.90 /kg$13.56 /lb.,,,https://product-images.metro.ca/images/hec/h9f/10998316204062.jpg,https://www.metro.ca/en/online-grocery/search-page-224
,Caramel Flavoured Mini Donuts,4x25 g,"$3.69
 ea.",,$3.69 /100g,,,https://product-images.metro.ca/images/hba/h32/10265119719454.jpg,https://www.metro.ca/en/online-grocery/search-page-224
,Chocolate And Hazelnut Flavoured Mini Donuts,4x25 g,"$3.69
 ea.",,$3.69 /100g,,,https://product-images.metro.ca/images/h3a/hb3/10265128304670.jpg,https://www.metro.ca/en/online-grocery/search-page-224
,Red Berries Flavoured Mini Donuts,4x25 g,"$3.69
 ea.",,$3.69 /100g,,,https://product-images.metro.ca/images/ha8/h3e/10265603309598.jpg,https://www.metro.ca/en/online-grocery/search-page-224
METROGO!,Gumbo Sloppy Joes,150 g,"$3.99
 ea.",,$2.66 /100g,,,https://product-images.metro.ca/images/h7e/h89/11926802300958.jpg,https://www.metro.ca/en/online-grocery/search-page-225
,Custard Squares,2x140 g,"$5.79
 ea.",,$2.07 /100g,,,https://www.metro.ca/images/shared/placeholders/icon-no-picture.svg?v=2023.71.1.d1,https://www.metro.ca/en/online-grocery/search-page-225
IRRESISTIBLES,Intense Chocolate Cake Slice,102 g,"$3.69
 ea.",,$3.62 /100g,,,https://product-images.metro.ca/images/h89/hd6/9471744737310.jpg,https://www.metro.ca/en/online-grocery/search-page-225
IRRESISTIBLES,Raspberry Chocolate Cake Slice,105 g,"$3.69
 ea.",,$3.51 /100g,,,https://product-images.metro.ca/images/h4d/h74/9471756369950.jpg,https://www.metro.ca/en/online-grocery/search-page-225
,Strawberry Shortcake,800 g,"$22.99
 ea.",,$3.28 /100g,,,https://product-images.metro.ca/images/h18/hf3/9647858417694.jpg,https://www.metro.ca/en/online-grocery/search-page-225
,"Grain-Fed Veal T-Bone Steak, Value Pack",2 - 3 per tray,"$33.05
 avg. ea.","(1,000 g avg.)",$33.05 /kg$14.99 /lb.,,,https://product-images.metro.ca/images/h72/ha7/10031277146142.jpg,https://www.metro.ca/en/online-grocery/search-page-225
METROGO!,Whisky And Honey Gravlax,,"$5.73
 / 100 g",,$57.30 /kg$25.99 /lb.,,,https://product-images.metro.ca/images/h0f/hf8/12216227692574.jpg,https://www.metro.ca/en/online-grocery/search-page-225
SELECTION,Meat Loaf,,"$2.19
 / 100 g",,$21.90 /kg$9.93 /lb.,,,https://product-images.metro.ca/images/ha7/hd9/9873242685470.jpg,https://www.metro.ca/en/online-grocery/search-page-225
SELECTION,Salami,,"$2.29
 / 100 g",,$22.90 /kg$10.39 /lb.,,,https://product-images.metro.ca/images/h14/h12/9715711115294.jpg,https://www.metro.ca/en/online-grocery/search-page-225
SELECTION,Waxed Style Bologna,,"$0.99
 / 100 g",,$9.90 /kg$4.49 /lb.,"Regular price
$19.90  / kg","Valid until Jan 10, 2024",https://product-images.metro.ca/images/hba/hf7/9715722453022.jpg,https://www.metro.ca/en/online-grocery/search-page-225
MERIT,Sliced Rustic Sandwich Buns,4x110 g,"$4.19
 ea.",,$0.95 /100g,,,https://www.metro.ca/images/shared/placeholders/icon-no-picture.svg?v=2023.71.1.d1,https://www.metro.ca/en/online-grocery/search-page-225
MERIT,Strawberry & Cheese Sticks,6x54 g,"$6.99
 ea.",,$2.16 /100g,,,https://www.metro.ca/images/shared/placeholders/icon-no-picture.svg?v=2023.71.1.d1,https://www.metro.ca/en/online-grocery/search-page-225
MERIT,Raspberry Sugared Sticks,6x54 g,"$6.99
 ea.",,$2.16 /100g,,,https://www.metro.ca/images/shared/placeholders/icon-no-picture.svg?v=2023.71.1.d1,https://www.metro.ca/en/online-grocery/search-page-225
METROGO!,Banh Mi Sandwich,250 g,"$7.49
 ea.",,$3.12 /100g,,,https://product-images.metro.ca/images/h02/h2b/11926832906270.jpg,https://www.metro.ca/en/online-grocery/search-page-225
METROGO!,Mortadella And Parmesan Submarine,180 g,"$5.99
 ea.",,$3.33 /100g,,,https://product-images.metro.ca/images/h41/hca/11926833397790.jpg,https://www.metro.ca/en/online-grocery/search-page-225
METROGO!,Muffaletta Sandwich,250 g,"$5.99
 ea.",,$2.40 /100g,,,https://product-images.metro.ca/images/hb0/h88/11926831890462.jpg,https://www.metro.ca/en/online-grocery/search-page-225
BATISTE,Divine Dark Coloured Dry Shampoo,200 mL,"$10.49
 ea.",,$5.25 /100ml,,,https://product-images.metro.ca/images/hcb/h2d/11349123760158.jpg,https://www.metro.ca/en/online-grocery/search-page-225
DION,Bruschetta Seasoning,145 g,"$4.19
 ea.",,$8.06 /100g,,,https://product-images.metro.ca/images/h04/hf1/10824714747934.jpg,https://www.metro.ca/en/online-grocery/search-page-225
CATHEDRAL CITY,Extra Mature Cheddar Cheese,200 g,"$7.29
 ea.",,$3.65 /100g,"Regular price
$8.79  ea.","Valid until Jan 17, 2024",https://product-images.metro.ca/images/h8d/h52/9662967054366.jpg,https://www.metro.ca/en/online-grocery/search-page-225
CATHEDRAL CITY,Mature Cheddar Cheese,200 g,"$7.29
 ea.",,$3.65 /100g,"Regular price
$8.29  ea.","Valid until Jan 17, 2024",https://product-images.metro.ca/images/h41/h15/9662992711710.jpg,https://www.metro.ca/en/online-grocery/search-page-225
PETIT NAVIRE,Nature Cod Liver,120 g,"$4.99
 ea.",,$4.16 /100g,,,https://product-images.metro.ca/images/h58/h0c/12084010156062.jpg,https://www.metro.ca/en/online-grocery/search-page-225
,Santa Claus Melon (7) 1un,,"$9.58
 avg. ea.","(1,600 g avg.)","$5,990.00 /kg$2,717.02 /lb.",,,https://product-images.metro.ca/images/h1b/h03/11764356382750.jpg,https://www.metro.ca/en/online-grocery/search-page-225
BOURSIN,Garlic And Fine Herbs Fresh Cheese,250 g,"$11.99
 ea.",,$4.80 /100g,,,https://product-images.metro.ca/images/hef/h67/11829881274398.jpg,https://www.metro.ca/en/online-grocery/search-page-225
ORAL-B,"Soft Whitening Therapy Charcoal Toothbrush, Whitenin...",1 un,"$7.29
 ea.",,$7.29 /un.,,,,https://www.metro.ca/en/online-grocery/search-page-225
CARLSBERG,Danish Pilsner Beer,6x330 mL,"$14.99
 ea.",,$0.76 /100ml,,,https://product-images.metro.ca/images/h5b/hda/10542213726238.jpg,https://www.metro.ca/en/online-grocery/search-page-225
KIRI,Original Cream Cheese Spread,150 g,"$4.49
 ea.",,$2.99 /100g,,,https://product-images.metro.ca/images/h6e/h70/11571065618462.jpg,https://www.metro.ca/en/online-grocery/search-page-225
NURISHH,Sliced Cheddar Cheese,160 g,"$5.29
 ea.",,$3.31 /100g,,,https://product-images.metro.ca/images/h77/hd2/12122288619550.jpg,https://www.metro.ca/en/online-grocery/search-page-225
NURISHH,Vegan Mozzarella Cheese,200 g,"$5.29
 ea.",,$2.65 /100g,,,https://product-images.metro.ca/images/h42/h3c/11574265774110.jpg,https://www.metro.ca/en/online-grocery/search-page-225
GOLOSINI,Lupini Beans In Brine,314 mL,"$5.29
 ea.",,$1.68 /100ml,,,https://product-images.metro.ca/images/h0f/h4f/10073449431070.jpg,https://www.metro.ca/en/online-grocery/search-page-225
,Organic Greenhouse Radish,12 un,"$3.99
 ea.",,$0.33 /un.,,,https://www.metro.ca/images/shared/placeholders/icon-no-picture.svg?v=2023.71.1.d1,https://www.metro.ca/en/online-grocery/search-page-225
ROYAL NUTS,Raw Pecans,250 g,"$13.99
 ea.",,$5.60 /100g,"Regular price
$15.99  ea.","Valid until Jan 10, 2024",https://www.metro.ca/images/shared/placeholders/icon-no-picture.svg?v=2023.71.1.d1,https://www.metro.ca/en/online-grocery/search-page-226
ROYAL NUTS,Brazil Nuts,325 g,"$14.99
 ea.",,$4.61 /100g,,,https://www.metro.ca/images/shared/placeholders/icon-no-picture.svg?v=2023.71.1.d1,https://www.metro.ca/en/online-grocery/search-page-226
BIO-K+,Elderberry Flavoured Fermented Oat And Pumpkin Seeds...,6x98 g,"$21.99
 ea.",,$22.44 /100g,"Regular price
$24.49  ea.","Valid until Feb 14, 2024",,https://www.metro.ca/en/online-grocery/search-page-226
HOP VALLEY BREWING CO.,"IPA Beer, Bubble Stash",4x473 mL,"$14.49
 ea.",,$0.77 /100ml,,,,https://www.metro.ca/en/online-grocery/search-page-226
ROYAL NUTS,Gluten Free Nuts Trail Mix,325 g,"$8.99
 ea.",,$2.77 /100g,"Regular price
$9.99  ea.","Valid until Jan 10, 2024",https://product-images.metro.ca/images/h37/h77/11849474080798.jpg,https://www.metro.ca/en/online-grocery/search-page-226
ROYAL NUTS,Raw Cashews,350 g,"$12.99
 ea.",,$3.71 /100g,"Regular price
$13.99  ea.","Valid until Jan 10, 2024",https://product-images.metro.ca/images/h0d/h0c/11849475489822.jpg,https://www.metro.ca/en/online-grocery/search-page-226
FARNHAM ALE & LAGER,"Imperial IPA Beer, 128",473 mL - can,"$3.79
 ea.",,$0.80 /100ml,,,,https://www.metro.ca/en/online-grocery/search-page-226
BENNY'S BEST,Pork Back Ribs,595 g,"$18.99
 ea.",,$3.19 /100g,,,https://product-images.metro.ca/images/h43/hf5/11445492023326.jpg,https://www.metro.ca/en/online-grocery/search-page-226
BIÈRERIE SHELTON,Kölsch Blonde Beer,473 mL - can,"$4.99
 ea.",,$1.05 /100ml,,,https://product-images.metro.ca/images/h0c/h28/10244623007774.jpg,https://www.metro.ca/en/online-grocery/search-page-226
SHELTON BREWERY,Rapsberry Sour Beer,473 mL -can,"$5.89
 ea.",,$1.25 /100ml,,,https://product-images.metro.ca/images/hd6/h86/10711180640286.jpg,https://www.metro.ca/en/online-grocery/search-page-226
SHELTON BREWERY,Mandarin Sour Beer,473 mL -can,"$5.09
 ea.",,$1.08 /100ml,,,https://product-images.metro.ca/images/h2d/hd9/10711143219230.jpg,https://www.metro.ca/en/online-grocery/search-page-226
LOTO-QUÉBEC,Colossal,1 un,"$50.00
 ea.",,$50.00 /un.,,,https://product-images.metro.ca/images/h9c/h85/11583215632414.jpg,https://www.metro.ca/en/online-grocery/search-page-226
LOTO-QUÉBEC,500 000 $ Fortune,1 un,"$10.00
 ea.",,$10.00 /un.,,,https://product-images.metro.ca/images/h9e/h57/11721453010974.jpg,https://www.metro.ca/en/online-grocery/search-page-226
LOTO-QUÉBEC,20 X Suprême,1 un,"$20.00
 ea.",,$20.00 /un.,,,https://product-images.metro.ca/images/h92/h9b/11834208878622.jpg,https://www.metro.ca/en/online-grocery/search-page-226
LOTO-QUÉBEC,Richesses Des Fêtes,1 un,"$10.00
 ea.",,$10.00 /un.,,,https://product-images.metro.ca/images/h05/hcf/11997416620062.jpg,https://www.metro.ca/en/online-grocery/search-page-226
LOTO-QUÉBEC,Platine,1 un,"$30.00
 ea.",,$30.00 /un.,,,https://product-images.metro.ca/images/h8d/hff/12166564544542.jpg,https://www.metro.ca/en/online-grocery/search-page-226
BEN'S ORIGINAL,Basmati Rice,1.6 kg,"$9.99
 ea.",,$0.62 /100kg,"Regular price
$13.99  ea.","Valid until Jan 24, 2024",https://product-images.metro.ca/images/h30/hfe/12245549842462.jpg,https://www.metro.ca/en/online-grocery/search-page-226
BEN'S ORIGINAL,Long Grain Rice,1.6 kg,"$8.99
 ea.",,$0.56 /100kg,"Regular price
$9.99  ea.","Valid until Jan 24, 2024",https://product-images.metro.ca/images/h22/h6c/12245553872926.jpg,https://www.metro.ca/en/online-grocery/search-page-226
GRISSOL,Sourdough Melba Toast,400 g,"$5.29
 ea.",,$1.32 /100g,"Regular price
$6.49  ea.","Valid until Jan 24, 2024",https://product-images.metro.ca/images/h7f/h0d/11511782670366.jpg,https://www.metro.ca/en/online-grocery/search-page-226
BEN'S ORIGINAL,Organic Jasmine Rice,240 g,"$4.99
 ea.",,$2.08 /100kg,,,https://product-images.metro.ca/images/h60/hd2/12245578219550.jpg,https://www.metro.ca/en/online-grocery/search-page-226
MARS,Cookie Dough Flavoured Chocolate Bar,44.2 g,"$1.49
 ea.",,$3.37 /100g,,,https://product-images.metro.ca/images/ha1/h53/12084044234782.jpg,https://www.metro.ca/en/online-grocery/search-page-226
WHISKAS,"Salmon Flavoured Cat Treats, Creamy Purrrr-Ée",130 g,"$4.79
 ea.",,$3.68 /100g,,,,https://www.metro.ca/en/online-grocery/search-page-226
NATURE'S PATH,"Organic Dark Chocolate And Red Berries Cereals, Love...",700 g,"$11.99
 ea.",,$1.71 /100g,,,,https://www.metro.ca/en/online-grocery/search-page-226
OLIVIERI,Mozzarella And Tomato Skillet Gnocchi,280 g,"$6.99
 ea.",,$2.50 /100g,,,https://product-images.metro.ca/images/h57/h16/10486629892126.jpg,https://www.metro.ca/en/online-grocery/search-page-226
OLIVIERI,Pesto Mozzarella Skillet Gnocchi,280 g,"$6.99
 ea.",,$2.50 /100g,,,https://product-images.metro.ca/images/h2e/h99/10454148579358.jpg,https://www.metro.ca/en/online-grocery/search-page-226
NATURE'S PATH,"Dark Chocolate Macaroon Granola, Love Crunch",700 g,"$11.99
 ea.",,$1.71 /100g,,,,https://www.metro.ca/en/online-grocery/search-page-226
OLIVIERI,Skillet Gnocchi,280 g,"$5.99
 ea.",,$2.14 /100g,,,https://product-images.metro.ca/images/ha0/hd6/11849808019486.jpg,https://www.metro.ca/en/online-grocery/search-page-226
RESTO PIZZ,All Dressed Pizza With Bacon,850 g,"$9.99
 ea.",,$1.18 /100g,,,https://product-images.metro.ca/images/h43/h05/11590791757854.jpg,https://www.metro.ca/en/online-grocery/search-page-226
RESTO PIZZ,All Dressed Pizza,800 g,"$9.99
 ea.",,$1.25 /100g,,,https://product-images.metro.ca/images/hea/h2b/11590792478750.jpg,https://www.metro.ca/en/online-grocery/search-page-226
PÊCHERIE MANICOUAGAN,Seafood Sauce,250 mL,"$11.99
 ea.",,$4.80 /100ml,,,https://product-images.metro.ca/images/h44/h98/11401427517470.jpg,https://www.metro.ca/en/online-grocery/search-page-226
PÊCHERIE MANICOUAGAN,Atlantic Halibut,200 g,"$13.99
 ea.",,$7.00 /100g,,,https://product-images.metro.ca/images/h08/hd7/11401438953502.jpg,https://www.metro.ca/en/online-grocery/search-page-227
HEIDI,Dark Chocolate Bar With Almonds,100 g,"$3.49
 ea.",,$3.49 /100g,"Regular price
$4.99  ea.","Valid until Jan 24, 2024",https://product-images.metro.ca/images/h7a/he4/9534455316510.jpg,https://www.metro.ca/en/online-grocery/search-page-227
ODENSE,Almond Paste,200 g,"$8.49
 ea.",,$4.25 /100g,,,https://product-images.metro.ca/images/hdc/h0a/9871086944286.jpg,https://www.metro.ca/en/online-grocery/search-page-227
TRES ESTRELLA,Churro Flour Mix,500 g,"$4.19
 ea.",,$0.84 /100g,,,https://www.metro.ca/images/shared/placeholders/icon-no-picture.svg?v=2023.71.1.d1,https://www.metro.ca/en/online-grocery/search-page-227
HIPPIE SNACKS,"Guacamole Flavoured Cauliflower Crips, Crisps",70 g,"$6.99
 ea.",,$9.99 /100g,,,,https://www.metro.ca/en/online-grocery/search-page-227
HIPPIE SNACKS,"Original Flavoured Cauliflower Crips, Crisps",70 g,"$6.99
 ea.",,$9.99 /100g,,,,https://www.metro.ca/en/online-grocery/search-page-227
CLÉMENT LE GOURMAND,Country Cognac Pâté,150 g,"$4.99
 ea.",,$3.33 /100g,"Regular price
$5.99  ea.","Valid until Jan 17, 2024",https://product-images.metro.ca/images/h3e/hf0/11693943947294.jpg,https://www.metro.ca/en/online-grocery/search-page-227
CLÉMENT LE GOURMAND,Pepper Country Pâté,150 g,"$4.99
 ea.",,$3.33 /100g,"Regular price
$5.99  ea.","Valid until Jan 17, 2024",https://product-images.metro.ca/images/h37/hea/11693942112286.jpg,https://www.metro.ca/en/online-grocery/search-page-227
FURCA,Italian Style Lasagna Sausages,250 g,"$5.99
 ea.",,$2.40 /100g,,,https://product-images.metro.ca/images/h5a/h93/10308091838494.jpg,https://www.metro.ca/en/online-grocery/search-page-227
FURCA,Smoked Meat And Haloumi Cheese Sausages,250 g,"$5.99
 ea.",,$2.40 /100g,,,https://product-images.metro.ca/images/he0/hf2/10308092133406.jpg,https://www.metro.ca/en/online-grocery/search-page-227
FURCA,Smoky Bacon And Smoked Gouda Cheese Sausages,250 g,"$5.99
 ea.",,$2.40 /100g,,,https://product-images.metro.ca/images/h1c/h59/10308152524830.jpg,https://www.metro.ca/en/online-grocery/search-page-227
RAWESOME,Organic Gluten Free Crème Brulée Cake,95 g,"$6.99
 ea.",,$7.36 /100g,,,https://product-images.metro.ca/images/h72/hf4/9439390760990.jpg,https://www.metro.ca/en/online-grocery/search-page-227
SWISS ENERGY,Magnesium + B Complex,20 tab,"$9.99
 ea.",,$0.50 /un.,,,https://product-images.metro.ca/images/hb4/h1a/11169212399646.jpg,https://www.metro.ca/en/online-grocery/search-page-227
FURCA,Classic Toulouse Sausage,450 g,"$8.99
 ea.",,$2.00 /100g,,,https://product-images.metro.ca/images/h18/hd9/12258984132638.jpg,https://www.metro.ca/en/online-grocery/search-page-227
FURCA,Classic Quebec Sausage,450 g,"$8.99
 ea.",,$2.00 /100g,,,https://product-images.metro.ca/images/h6e/hc4/12259463462942.jpg,https://www.metro.ca/en/online-grocery/search-page-227
FURCA,Smoked Bacon Sausages,450 g,"$8.99
 ea.",,$2.00 /100g,,,https://product-images.metro.ca/images/h0f/hb0/12259347398686.jpg,https://www.metro.ca/en/online-grocery/search-page-227
SUPER SUPER,Maple Flavoured Liquid Smoke Seasoning,147 mL,"$5.49
 ea.",,$3.73 /100ml,,,https://product-images.metro.ca/images/he9/h67/10456103256094.jpg,https://www.metro.ca/en/online-grocery/search-page-227
LITTLE GOURMET,Organic Cookie Mix,240 g,"$5.49
 ea.",,$2.29 /100g,,,https://product-images.metro.ca/images/hd8/h39/10518981378078.jpg,https://www.metro.ca/en/online-grocery/search-page-227
LITTLE GOURMET,Organic Pancake And Waffle Mix,240 g,"$5.49
 ea.",,$2.29 /100g,,,https://product-images.metro.ca/images/h48/h7e/10518994354206.jpg,https://www.metro.ca/en/online-grocery/search-page-227
BABY GOURMET,"Banana, Cinnamon And Whole Grains Puree For 6+ Months",113 mL,"$2.49
 ea.",,$2.20 /100ml,,,https://product-images.metro.ca/images/h54/h8d/12192262684702.jpg,https://www.metro.ca/en/online-grocery/search-page-227
BABY GOURMET,Mango Yogurt And Rolled Oats Puree For 6+ Months,113 mL,"$2.49
 ea.",,$2.20 /100ml,,,https://product-images.metro.ca/images/had/h1b/12192263307294.jpg,https://www.metro.ca/en/online-grocery/search-page-227
BABY GOURMET,Carrots And Ancient Grains Purée For 6+ Months,113 mL,"$2.49
 ea.",,$2.20 /100ml,,,https://product-images.metro.ca/images/h25/hd2/12192269434910.jpg,https://www.metro.ca/en/online-grocery/search-page-227
LA BELLE GITANE,Organic Spanish Red Wine,750 mL,"$19.99
 ea.",,$2.67 /100ml,,,https://product-images.metro.ca/images/h3f/hcf/10674456428574.jpg,https://www.metro.ca/en/online-grocery/search-page-227
CUISINE L'ANGÉLIQUE,L'Angélique Frozen Organic Bread,500 g,"$8.99
 ea.",,$1.80 /100g,,,https://product-images.metro.ca/images/h75/h7d/11432865300510.jpg,https://www.metro.ca/en/online-grocery/search-page-227
CUISINE L'ANGÉLIQUE,Le Céleste Frozen Organic Bread,520 g,"$8.99
 ea.",,$1.73 /100g,,,https://product-images.metro.ca/images/hfc/h29/11257291964446.jpg,https://www.metro.ca/en/online-grocery/search-page-227
CUISINE L'ANGÉLIQUE,Le Granola Frozen Organic Bread,545 g,"$8.99
 ea.",,$1.65 /100g,,,https://product-images.metro.ca/images/h0c/h4c/11432866545694.jpg,https://www.metro.ca/en/online-grocery/search-page-227
3 BRASSEURS,Blonde Beer,473 mL,"$4.29
 ea.",,$0.91 /100ml,,,https://product-images.metro.ca/images/h41/h56/10792134148126.jpg,https://www.metro.ca/en/online-grocery/search-page-227
3 BRASSEURS,Amber Beer,473 mL,"$4.29
 ea.",,$0.91 /100ml,,,https://product-images.metro.ca/images/ha9/h82/10998198599710.jpg,https://www.metro.ca/en/online-grocery/search-page-227
3 BRASSEURS,White Beer,473 mL,"$4.29
 ea.",,$0.91 /100ml,,,https://product-images.metro.ca/images/h6e/heb/10998163177502.jpg,https://www.metro.ca/en/online-grocery/search-page-227
3 BRASSEURS,IPA Beer,473 mL,"$4.29
 ea.",,$0.91 /100ml,,,https://product-images.metro.ca/images/hb3/h31/10998013329438.jpg,https://www.metro.ca/en/online-grocery/search-page-227
SURETTE CONDIMENTS,Raw Cider Vinegar,250 mL,"$10.99
 ea.",,$4.40 /100ml,,,https://product-images.metro.ca/images/hf4/h34/11167051448350.jpg,https://www.metro.ca/en/online-grocery/search-page-228
SURETTE CONDIMENTS,Yellow Cider & Maple Balsamic Vinegar,250 mL,"$14.99
 ea.",,$6.00 /100ml,,,https://product-images.metro.ca/images/h7d/h35/11167121375262.jpg,https://www.metro.ca/en/online-grocery/search-page-228
HUGO GIRARD,Peanut Butter And Carob Flavoured Protein Bar,240 g,"$10.99
 ea.",,$4.58 /100g,,,https://product-images.metro.ca/images/ha2/h3a/11754448945182.jpg,https://www.metro.ca/en/online-grocery/search-page-228
HUGO GIRARD,Butterscotch Flavoured Protein Bar,240 g,"$10.99
 ea.",,$4.58 /100g,,,https://product-images.metro.ca/images/h32/h9c/11754466672670.jpg,https://www.metro.ca/en/online-grocery/search-page-228
PURPLESFUL SNACKING,Gluten Free Sea Salt Pop Corn,136 g,"$4.49
 ea.",,$3.30 /100g,"Regular price
$4.99  ea.","Valid until Jan 24, 2024",https://product-images.metro.ca/images/h87/h54/11090312593438.jpg,https://www.metro.ca/en/online-grocery/search-page-228
CIDRERIE PIED DE COCHON,Pinede Cider,750 mL,"$16.49
 ea.",,$2.20 /100ml,,,https://www.metro.ca/images/shared/placeholders/icon-no-picture.svg?v=2023.71.1.d1,https://www.metro.ca/en/online-grocery/search-page-228
CIDRERIE PIED DE COCHON,Pomme A Chevreuil Cider,750 mL,"$16.49
 ea.",,$2.20 /100ml,,,https://www.metro.ca/images/shared/placeholders/icon-no-picture.svg?v=2023.71.1.d1,https://www.metro.ca/en/online-grocery/search-page-228
CHANTEPOM,Sparkling Apple And Pear Must,750 mL,"$7.99
 ea.",,$1.07 /100ml,,,https://product-images.metro.ca/images/hf4/h5d/10095223472158.jpg,https://www.metro.ca/en/online-grocery/search-page-228
CHANTEPOM,Sparkling Apple Must,355 mL,"$3.49
 ea.",,$0.98 /100ml,,,https://product-images.metro.ca/images/h60/h14/10711027810334.jpg,https://www.metro.ca/en/online-grocery/search-page-228
CHANTEPOM,Sparkling Apple And Pear Must,355 mL,"$3.49
 ea.",,$0.98 /100ml,,,https://product-images.metro.ca/images/h24/h25/10710852567070.jpg,https://www.metro.ca/en/online-grocery/search-page-228
TAJIN,Mild Chili Sauce,455 mL,"$6.49
 ea.",,$1.43 /100ml,"Regular price
$7.49  ea.","Valid until Jan 24, 2024",https://product-images.metro.ca/images/hc5/hea/12258742272030.jpg,https://www.metro.ca/en/online-grocery/search-page-228
TAJIN,Apricot Flavoured Chamoy Chili Sauce,455 mL,"$6.49
 ea.",,$1.43 /100ml,"Regular price
$7.49  ea.","Valid until Jan 24, 2024",https://product-images.metro.ca/images/h4b/h15/12259198042142.jpg,https://www.metro.ca/en/online-grocery/search-page-228
SIMPLE MALT BRASSEURS,Strong American IPA Beer,473 mL - can,"$4.79
 ea.",,$1.01 /100ml,,,https://product-images.metro.ca/images/ha3/hb2/10244829708318.jpg,https://www.metro.ca/en/online-grocery/search-page-228
SIMPLE MALT BRASSEURS,"Session NEIPA Beer, Galarno",473 mL - can,"$4.99
 ea.",,$1.05 /100ml,"Regular price
$5.79  ea.","Valid until Feb 7, 2024",,https://www.metro.ca/en/online-grocery/search-page-228
SIMPLE MALT BRASSEURS,"Mango IPA Beer, Manguito",473 mL - can,"$4.99
 ea.",,$1.05 /100ml,"Regular price
$5.79  ea.","Valid until Feb 7, 2024",,https://www.metro.ca/en/online-grocery/search-page-228
SIMPLE MALT BRASSEURS,"Raspberry Berliner-Style Beer, Sorbet",473 mL - can,"$4.99
 ea.",,$1.05 /100ml,"Regular price
$5.79  ea.","Valid until Feb 7, 2024",,https://www.metro.ca/en/online-grocery/search-page-228
SIMPLE MALT BRASSEURS,"Blackcurrant Berliner-Style Beer, Sorbet",473 mL - can,"$4.99
 ea.",,$1.05 /100ml,"Regular price
$5.79  ea.","Valid until Feb 7, 2024",,https://www.metro.ca/en/online-grocery/search-page-228
SIMPLE MALT BRASSEURS,"Peach And Pineapple White IPA Beer, Tropique",473 mL - can,"$4.99
 ea.",,$1.05 /100ml,"Regular price
$5.79  ea.","Valid until Feb 7, 2024",,https://www.metro.ca/en/online-grocery/search-page-228
CIDRERIE BEAUPRÉ,Mcintosh Apple Flavoured Carbonated Crackling Cider,4x473 mL,"$10.99
 ea.",,$0.58 /100ml,"Regular price
$13.29  ea.","Valid until Feb 7, 2024",https://product-images.metro.ca/images/h46/h16/9479841153054.jpg,https://www.metro.ca/en/online-grocery/search-page-228
CIDRERIE BEAUPRÉ,Rosé Sparkling Cider,4x473 mL,"$10.99
 ea.",,$0.58 /100ml,"Regular price
$13.29  ea.","Valid until Feb 7, 2024",https://product-images.metro.ca/images/hbc/hdb/9647845048350.jpg,https://www.metro.ca/en/online-grocery/search-page-228
CARLOS PEPITO,"Rosée Sangria Style Cider Cocktail, Bella Sangria",4 L,"$20.99
 ea.",,$0.52 /100ml,"Regular price
$27.49  ea.","Valid until Feb 7, 2024",,https://www.metro.ca/en/online-grocery/search-page-228
MICROBRASSERIE CHARLEVOIX,"White Beer With Spices, La Blanche De Charlevoix",473 mL - can,"$4.19
 ea.",,$0.89 /100ml,,,,https://www.metro.ca/en/online-grocery/search-page-228
MICROBRASSERIE CHARLEVOIX,"ESB Red Beer, Vache Folle",473 mL - can,"$4.79
 ea.",,$1.01 /100ml,,,,https://www.metro.ca/en/online-grocery/search-page-228
MICROBRASSERIE CHARLEVOIX,Session IPA Beer,473 mL - can,"$4.99
 ea.",,$1.05 /100ml,,,https://product-images.metro.ca/images/h51/hf8/10244327538718.jpg,https://www.metro.ca/en/online-grocery/search-page-228
CIDRERIE BEAUPRÉ,Blueberry Flavoured Sparkling Cider,473 mL,"2 / 
$7.00",,$0.74 /100ml,"Regular price
$3.79  ea.","Valid until Feb 7, 2024",https://product-images.metro.ca/images/h67/h73/9751250829342.jpg,https://www.metro.ca/en/online-grocery/search-page-228
CIDRERIE BEAUPRÉ,"Mixed Sparkle Ciders Variety Pack, Orchard Selection",8x473 mL - cans,"$24.99
 ea.",,$0.66 /100ml,,,,https://www.metro.ca/en/online-grocery/search-page-228
SIMPLE MALT BRASSEURS,Strawberry And Honeyberry Flavoured Berliner Weisse ...,473 mL,"$4.99
 ea.",,$1.05 /100ml,"Regular price
$5.79  ea.","Valid until Feb 7, 2024",,https://www.metro.ca/en/online-grocery/search-page-228
GREENHOUSE,Organic Dairy Free Unsweetened Almond Beverage,946 mL,"$9.49
 ea.",,$1.00 /100ml,,,https://product-images.metro.ca/images/ha4/hb0/11205091885086.jpg,https://www.metro.ca/en/online-grocery/search-page-228
GREENHOUSE,Organic Plant-Based Oat Beverage,946 mL,"$9.49
 ea.",,$1.00 /100ml,,,https://product-images.metro.ca/images/h1c/hb5/11349156266014.jpg,https://www.metro.ca/en/online-grocery/search-page-228
PETE AUTHENTIQUE,Spicy Oil La Ratoureuse,148 mL,"$6.49
 ea.",,$4.39 /100ml,,,https://product-images.metro.ca/images/h34/h28/11386296205342.jpg,https://www.metro.ca/en/online-grocery/search-page-228
PETE AUTHENTIQUE,"Gluten Free Pasta Meat Sauce, La Rassembleuse",700 mL,"$7.49
 ea.",,$1.07 /100ml,"Regular price
$8.29  ea.","Valid until Jan 24, 2024",,https://www.metro.ca/en/online-grocery/search-page-229
FUEGO TROPICAL,La Merengue Hot Sauce,148 mL,"$7.99
 ea.",,$5.40 /100ml,"Regular price
$9.99  ea.","Valid until Jan 24, 2024",https://product-images.metro.ca/images/h8b/hc2/10777151438878.jpg,https://www.metro.ca/en/online-grocery/search-page-229
FUEGO TROPICAL,La Salsa Hot Sauce,148 mL,"$7.99
 ea.",,$5.40 /100ml,"Regular price
$9.99  ea.","Valid until Jan 24, 2024",https://product-images.metro.ca/images/hb0/he2/10777152749598.jpg,https://www.metro.ca/en/online-grocery/search-page-229
PETE AUTHENTIQUE,"Gluten Free Rosé Sauce, La Charmeuse",700 mL,"$7.49
 ea.",,$1.07 /100ml,"Regular price
$8.29  ea.","Valid until Jan 24, 2024",,https://www.metro.ca/en/online-grocery/search-page-229
TOROMATCHA,Mango Flavoured Sparkling Water,355 mL,"$3.69
 ea.",,$1.04 /100ml,,,https://product-images.metro.ca/images/hc3/hb7/11590955794462.jpg,https://www.metro.ca/en/online-grocery/search-page-229
PETE AUTHENTIQUE,Smoked Meat And Mustard Sausages To Grill,320 g,"$8.99
 ea.",,$2.81 /100g,,,https://product-images.metro.ca/images/h59/h23/10763428003870.jpg,https://www.metro.ca/en/online-grocery/search-page-229
PETE AUTHENTIQUE,Tex-Mex Sausages To Grill,320 g,"$8.99
 ea.",,$2.81 /100g,,,https://product-images.metro.ca/images/h13/hea/10763443142686.jpg,https://www.metro.ca/en/online-grocery/search-page-229
PETE AUTHENTIQUE,Sausage Arrabbiata Sauce,700 mL,"$7.49
 ea.",,$1.07 /100ml,"Regular price
$8.29  ea.","Valid until Jan 24, 2024",https://product-images.metro.ca/images/h7c/hfd/11122393055262.jpg,https://www.metro.ca/en/online-grocery/search-page-229
PETE AUTHENTIQUE,Fondue Broth,1 L,"$4.99
 ea.",,$0.50 /100ml,"Regular price
$6.49  ea.","Valid until Jan 24, 2024",https://product-images.metro.ca/images/h8f/h8f/11375048228894.jpg,https://www.metro.ca/en/online-grocery/search-page-229
PETE AUTHENTIQUE,Beef And Onion Fondue Broth,1 L,"$4.99
 ea.",,$0.50 /100ml,"Regular price
$6.49  ea.","Valid until Jan 24, 2024",https://product-images.metro.ca/images/h55/h26/11375050784798.jpg,https://www.metro.ca/en/online-grocery/search-page-229
PETE AUTHENTIQUE,Spice Beef Fondue Broth,1 L,"$4.99
 ea.",,$0.50 /100ml,"Regular price
$6.49  ea.","Valid until Jan 24, 2024",https://product-images.metro.ca/images/h67/h83/11375049179166.jpg,https://www.metro.ca/en/online-grocery/search-page-229
MATCHA COLADA,Piña Colada Flavoured Alcoholic Malt Beverage,355 mL,"$3.99
 ea.",,$1.12 /100ml,,,https://www.metro.ca/images/shared/placeholders/icon-no-picture.svg?v=2023.71.1.d1,https://www.metro.ca/en/online-grocery/search-page-229
PETE AUTHENTIQUE,IPA Beer Sausages,320 g,"$8.99
 ea.",,$2.81 /100g,,,https://product-images.metro.ca/images/hcf/h12/11541299298334.jpg,https://www.metro.ca/en/online-grocery/search-page-229
PETE AUTHENTIQUE,Petezza Sausages,320 g,"$8.99
 ea.",,$2.81 /100g,,,https://product-images.metro.ca/images/hf2/hc7/11541297496094.jpg,https://www.metro.ca/en/online-grocery/search-page-229
PETE AUTHENTIQUE,Buffalo Sausages,320 g,"$8.99
 ea.",,$2.81 /100g,,,https://product-images.metro.ca/images/hca/h04/11541297463326.jpg,https://www.metro.ca/en/online-grocery/search-page-229
CHEF PASQUALE,"Prosciutto And Mushrooms Pasta Sauce, Gigi",700 mL,"$12.99
 ea.",,$1.86 /100ml,"Regular price
$14.99  ea.","Valid until Jan 24, 2024",,https://www.metro.ca/en/online-grocery/search-page-229
CHEF PASQUALE,Bolognese Pasta Sauce,700 mL,"$12.99
 ea.",,$1.86 /100ml,"Regular price
$14.99  ea.","Valid until Jan 24, 2024",https://product-images.metro.ca/images/hec/hfc/11692108382238.jpg,https://www.metro.ca/en/online-grocery/search-page-229
CHEF PASQUALE,Rosée Pasta Sauce,700 mL,"$12.99
 ea.",,$1.86 /100ml,"Regular price
$14.99  ea.","Valid until Jan 24, 2024",https://product-images.metro.ca/images/he0/h4c/11692098551838.jpg,https://www.metro.ca/en/online-grocery/search-page-229
CHEF PASQUALE,Tomato And Basil Pasta Sauce,700 mL,"$12.99
 ea.",,$1.86 /100ml,"Regular price
$14.99  ea.","Valid until Jan 24, 2024",https://www.metro.ca/images/shared/placeholders/icon-no-picture.svg?v=2023.71.1.d1,https://www.metro.ca/en/online-grocery/search-page-229
SHAKER,Frozen Salmon Tartare With Dill And Lemon,130 g,"$13.99
 ea.",,$10.76 /100g,,,https://product-images.metro.ca/images/h8c/h59/11997379395614.jpg,https://www.metro.ca/en/online-grocery/search-page-229
GREENIES,Regular Dog Dental Treats,170 g,"$9.99
 ea.",,$5.88 /100g,,,https://product-images.metro.ca/images/hbe/hc4/9531239694366.jpg,https://www.metro.ca/en/online-grocery/search-page-229
GREENIES,Original Daily Dental Treats For Dogs 5-15 Lbs,170 g,"$9.99
 ea.",,$5.88 /100g,,,https://product-images.metro.ca/images/h08/h5b/9531248574494.jpg,https://www.metro.ca/en/online-grocery/search-page-229
FIELD ROAST,Chao Tofu Cheese Slices,200 g,"$7.99
 ea.",,$4.00 /100g,,,https://product-images.metro.ca/images/hd6/h57/12354453241886.jpg,https://www.metro.ca/en/online-grocery/search-page-229
DUNCAN HINES,"Cookie Dough Flavoured Cookie Mix, Epic",629 g,"$9.49
 ea.",,$1.51 /100g,,,,https://www.metro.ca/en/online-grocery/search-page-229
RECIPES IN A JAR,Chili Mix With Soy Protein,322 g,"$7.99
 ea.",,$2.48 /100g,,,https://product-images.metro.ca/images/h64/hb8/9658481082398.jpg,https://www.metro.ca/en/online-grocery/search-page-229
RECIPES IN A JAR,Minestrone Soup Mix,530 g,"$7.99
 ea.",,$2.37 /100g,,,https://product-images.metro.ca/images/h6e/hd2/9658347356190.jpg,https://www.metro.ca/en/online-grocery/search-page-229
SMART SWEETS,Low Sugar Gummy Worms Bag,50 g,"$4.49
 ea.",,$8.98 /100g,,,https://product-images.metro.ca/images/h81/ha3/10068267499550.jpg,https://www.metro.ca/en/online-grocery/search-page-229
NANDO'S,Mild Perinaise Mayonnaise,540 mL,"$8.29
 ea.",,$1.84 /100ml,,,https://product-images.metro.ca/images/h71/h57/9917012312094.jpg,https://www.metro.ca/en/online-grocery/search-page-229
NANDO'S,Garlic Perinaise Mayonnaise,450 mL,"$8.29
 ea.",,$1.84 /100ml,,,https://product-images.metro.ca/images/h97/hf6/9917021487134.jpg,https://www.metro.ca/en/online-grocery/search-page-229
NANDO'S,Hot Perinaise Mayonnaise,450 mL,"$8.29
 ea.",,$1.84 /100ml,,,https://product-images.metro.ca/images/hb3/ha0/12084008779806.jpg,https://www.metro.ca/en/online-grocery/search-page-230
,Bouquet Of 12 Roses,1 un,"$39.99
 ea.",,$39.99 /un.,,,https://product-images.metro.ca/images/h0d/h70/11103268798494.jpg,https://www.metro.ca/en/online-grocery/search-page-230
,Bouquet Of Flowers,1 un,"$14.99
 ea.",,$14.99 /un.,,,https://product-images.metro.ca/images/h83/hdf/11103258181662.jpg,https://www.metro.ca/en/online-grocery/search-page-230
BRASSEURS DU MONDE,"Three Tea Flavoured White Beer, L'Infusée",473 mL - bottle,"$4.79
 ea.",,$1.01 /100ml,,,,https://www.metro.ca/en/online-grocery/search-page-230
BRASSEURS DU MONDE,"Apricot And Tea Flavoured White Beer, L'Abricothé",473 mL,"$4.79
 ea.",,$1.01 /100ml,,,,https://www.metro.ca/en/online-grocery/search-page-230
BRASSEURS DU MONDE,"Orange, Lime And Tea Flavoured Belgian Style White B...",473 mL,"$4.79
 ea.",,$1.01 /100ml,,,,https://www.metro.ca/en/online-grocery/search-page-230
BRASSEURS DU MONDE,Blueberry And Tea Flavoured Belgian Style White Beer...,473 mL,"$4.79
 ea.",,$1.01 /100ml,,,,https://www.metro.ca/en/online-grocery/search-page-230
BRASSEURS DU MONDE,"Chamomile, Lemon And Yerba Mate Flavoured White Beer...",473 mL - can,"$4.79
 ea.",,$1.01 /100ml,,,,https://www.metro.ca/en/online-grocery/search-page-230
BRASSEURS DU MONDE,"Sour IPA Beer, 7e Ciel",473 mL - can,"$4.79
 ea.",,$1.01 /100ml,,,,https://www.metro.ca/en/online-grocery/search-page-230
BRASSEURS DU MONDE,"Pomegranate, Hibiscus And Tea Flavoured Belgian Styl...",473 mL - can,"$4.79
 ea.",,$1.01 /100ml,,,,https://www.metro.ca/en/online-grocery/search-page-230
BRASSEURS DU MONDE,"Tripel Style Pale Ale Beer, Tripel Hops",473 mL - can,"$4.79
 ea.",,$1.01 /100ml,,,,https://www.metro.ca/en/online-grocery/search-page-230
BRASSEURS DU MONDE,Strong West Coast IPA Beer,473 mL - can,"$4.79
 ea.",,$1.01 /100ml,,,https://product-images.metro.ca/images/h6a/hb0/12230601670686.jpg,https://www.metro.ca/en/online-grocery/search-page-230
BRASSEURS DU MONDE,"Sour Candy Flavoured Strong Beer, La 6",473 mL - can,"$4.79
 ea.",,$1.01 /100ml,,,,https://www.metro.ca/en/online-grocery/search-page-230
BRASSEURS DU MONDE,"Porter Beer, Big Ben",473 mL - can,"$4.79
 ea.",,$1.01 /100ml,,,,https://www.metro.ca/en/online-grocery/search-page-230
OZERY BAKERY,Original Moroccan Style Frena Buns,"6 buns, 420 g","$4.79
 ea.",,$1.14 /100g,"Regular price
$5.79  ea.","Valid until Jan 17, 2024",https://product-images.metro.ca/images/h31/hbb/11754230743070.jpg,https://www.metro.ca/en/online-grocery/search-page-230
MCCAFÉ,Organic High Grown Coffee Beans,300 g,"$11.99
 ea.",,$4.00 /100g,,,https://product-images.metro.ca/images/hd3/h9b/11883726700574.jpg,https://www.metro.ca/en/online-grocery/search-page-230
MCCAFÉ,"Organic Dark Roast Fine Ground Coffee, High Grown",300 g,"$11.99
 ea.",,$4.00 /100g,,,,https://www.metro.ca/en/online-grocery/search-page-230
MCCAFÉ,"Organic Dark Roast K-Cup Coffee Pods, High Grown",10 cp,"$11.99
 ea.",,$1.20 /un.,,,,https://www.metro.ca/en/online-grocery/search-page-230
MCCAFÉ,Decaffeinated Premium Roast Ground Coffee,640 g,"$22.99
 ea.",,$3.59 /100g,,,https://product-images.metro.ca/images/hec/h4e/11735284318238.jpg,https://www.metro.ca/en/online-grocery/search-page-230
ANCHOR'S BAY,Frozen Seafood Medley,360 g,"$5.99
 ea.",,$1.66 /100g,,,https://product-images.metro.ca/images/hd8/h94/10823486308382.jpg,https://www.metro.ca/en/online-grocery/search-page-230
MCCAFÉ,Medium Dark Roast French Vanilla K-Cup® Coffee Pods,12 un,"$11.99
 ea.",,$1.00 /un.,,,https://product-images.metro.ca/images/h0c/h62/11842119270430.jpg,https://www.metro.ca/en/online-grocery/search-page-230
LITTLE BEAR,Organic Onions,2 lb,"$5.99
 ea.",,$0.66 /100g,,,https://product-images.metro.ca/images/h55/h1a/10444538511390.jpg,https://www.metro.ca/en/online-grocery/search-page-230
PIT CARIBOU,"Belgian-Style White Beer, La Blanche De Pratto",473 mL,"$4.69
 ea.",,$0.99 /100ml,,,,https://www.metro.ca/en/online-grocery/search-page-230
PIT CARIBOU,"Amber Ale Beer, Bonne Aventure",473 mL,"$4.69
 ea.",,$0.99 /100ml,,,,https://www.metro.ca/en/online-grocery/search-page-230
PIT CARIBOU,"Golden Ale, La Blonde De L'Anse",473 mL,"$4.69
 ea.",,$0.99 /100ml,,,,https://www.metro.ca/en/online-grocery/search-page-230
PIT CARIBOU,"Porter Beer, Gaspesienne No.13",473 mL,"$4.69
 ea.",,$0.99 /100ml,,,,https://www.metro.ca/en/online-grocery/search-page-230
PIT CARIBOU,"Gose Beer, Barachois",473 mL,"$4.69
 ea.",,$0.99 /100ml,,,,https://www.metro.ca/en/online-grocery/search-page-230
NUTRA-FRUIT,100% Pure Cranberry And Blueberry Juice,500 mL,"$8.99
 ea.",,$1.80 /100ml,,,https://product-images.metro.ca/images/h10/h7e/11754255417374.jpg,https://www.metro.ca/en/online-grocery/search-page-230
NUTRA-FRUIT,100% Pure Cranberry And Raspberry Juice,500 mL,"$8.99
 ea.",,$1.80 /100ml,,,https://product-images.metro.ca/images/h0b/h5f/11754252927006.jpg,https://www.metro.ca/en/online-grocery/search-page-230
NUTRA-FRUIT,100% Pure Cranberry Juice,500 mL,"$8.99
 ea.",,$1.80 /100ml,,,https://product-images.metro.ca/images/h3c/hbb/11754258333726.jpg,https://www.metro.ca/en/online-grocery/search-page-230
NUTRA-FRUIT,100% Pure Organic Cranberry Juice,500 mL,"$9.99
 ea.",,$2.00 /100ml,,,https://product-images.metro.ca/images/h23/he9/11754347298846.jpg,https://www.metro.ca/en/online-grocery/search-page-231
NUTRA-FRUIT,Dark Chocolate Covered Cranberries,325 g,"$8.99
 ea.",,$2.77 /100g,,,https://product-images.metro.ca/images/h8a/haa/10711364599838.jpg,https://www.metro.ca/en/online-grocery/search-page-231
NUTRA-FRUIT,Raspberry And Cranberry Vinaigrette,310 mL,"$6.99
 ea.",,$2.25 /100ml,"Regular price
$7.99  ea.","Valid until Jan 17, 2024",https://product-images.metro.ca/images/he6/h13/11461967511582.jpg,https://www.metro.ca/en/online-grocery/search-page-231
NUTRA-FRUIT,"Sesame Oil, Ginger And Cranberry Vinaigrette",310 mL,"$6.99
 ea.",,$2.25 /100ml,"Regular price
$7.99  ea.","Valid until Jan 17, 2024",https://product-images.metro.ca/images/hf4/hf1/11461960171550.jpg,https://www.metro.ca/en/online-grocery/search-page-231
NUTRA-FRUIT,"Maple, Balsamic And Cranberry Vinaigrette",310 mL,"$6.99
 ea.",,$2.25 /100ml,"Regular price
$7.99  ea.","Valid until Jan 17, 2024",https://product-images.metro.ca/images/hea/h24/11461944213534.jpg,https://www.metro.ca/en/online-grocery/search-page-231
FANTINO&MONDELLO,Dry Pepperoni,200 g,"$7.49
 ea.",,$3.75 /100g,"Regular price
$7.99  ea.","Valid until Jan 17, 2024",https://product-images.metro.ca/images/h46/hd1/12192388939806.jpg,https://www.metro.ca/en/online-grocery/search-page-231
FANTINO&MONDELLO,Original Salametti,175 g,"$7.49
 ea.",,$4.28 /100g,"Regular price
$7.99  ea.","Valid until Jan 17, 2024",https://product-images.metro.ca/images/h0f/h98/11937266761758.jpg,https://www.metro.ca/en/online-grocery/search-page-231
FANTINO&MONDELLO,Cooked Black Pepper Pancetta,125 g,"$7.49
 ea.",,$5.99 /100g,,,https://product-images.metro.ca/images/ha1/h30/11937266991134.jpg,https://www.metro.ca/en/online-grocery/search-page-231
FANTINO & MONDELLO,Diced Dry Chorizo,150 g,"$7.49
 ea.",,$4.99 /100g,,,https://product-images.metro.ca/images/h2f/he8/11937276657694.jpg,https://www.metro.ca/en/online-grocery/search-page-231
FANTINO & MONDELLO,Black Pepper Capicollo,100 g,"$7.99
 ea.",,$7.99 /100g,,,https://product-images.metro.ca/images/h36/h0c/11849869819934.jpg,https://www.metro.ca/en/online-grocery/search-page-231
FANTINO & MONDELLO,Diced Cooked Prosciutto,150 g,"$7.99
 ea.",,$5.33 /100g,,,https://product-images.metro.ca/images/hc7/h02/11937273937950.jpg,https://www.metro.ca/en/online-grocery/search-page-231
FANTINO & MONDELLO,Red Wine Dry Vino Rosso Salami,175 g,"$7.49
 ea.",,$4.28 /100g,"Regular price
$7.99  ea.","Valid until Jan 17, 2024",https://product-images.metro.ca/images/h05/hc7/11937268989982.jpg,https://www.metro.ca/en/online-grocery/search-page-231
FANTINO & MONDELLO,Trio Of Dry Salami,100 g,"$7.99
 ea.",,$7.99 /100g,,,https://product-images.metro.ca/images/h12/h68/12192392183838.jpg,https://www.metro.ca/en/online-grocery/search-page-231
FANTINO & MONDELLO,Pink Pepper Dry Pepe Rosa Salami,175 g,"$7.49
 ea.",,$4.28 /100g,"Regular price
$7.99  ea.","Valid until Jan 17, 2024",https://product-images.metro.ca/images/h5c/hec/11937272135710.jpg,https://www.metro.ca/en/online-grocery/search-page-231
FANTINO & MONDELLO,Parmesan And Pepper Glazed Dry Salami,100 g,"$7.99
 ea.",,$7.99 /100g,,,https://product-images.metro.ca/images/h34/haa/12192392380446.jpg,https://www.metro.ca/en/online-grocery/search-page-231
FANTINO & MONDELLO,Spicy Calabrese Salametti,175 g,"$7.49
 ea.",,$4.28 /100g,"Regular price
$7.99  ea.","Valid until Jan 17, 2024",https://product-images.metro.ca/images/hc4/h18/11937268924446.jpg,https://www.metro.ca/en/online-grocery/search-page-231
FANTINO & MONDELLO,Dry Pepperoni,175 g,"$7.49
 ea.",,$4.28 /100g,"Regular price
$7.99  ea.","Valid until Jan 17, 2024",https://product-images.metro.ca/images/h08/he3/11937276461086.jpg,https://www.metro.ca/en/online-grocery/search-page-231
PAPERCHEF,Parchment Lotus Cup,12 un,"$4.99
 ea.",,$0.42 /un.,,,https://product-images.metro.ca/images/h71/hba/9946606239774.jpg,https://www.metro.ca/en/online-grocery/search-page-231
VIANDE RICHELIEU,Extra Lean Ground Horse Meat,454 g,"$7.99
 ea.",,$1.76 /100g,,,https://product-images.metro.ca/images/h2b/h3b/11432884305950.jpg,https://www.metro.ca/en/online-grocery/search-page-231
MÉCHANT LOUP,Chorizo Tomatoes Dry Sausage,90 g,"$6.99
 ea.",,$7.77 /100g,,,https://product-images.metro.ca/images/h35/h7d/11449715392542.jpg,https://www.metro.ca/en/online-grocery/search-page-231
MÉCHANT LOUP,Fennel Dry Sausage,90 g,"$6.99
 ea.",,$7.77 /100g,,,https://product-images.metro.ca/images/h0e/h52/11449715327006.jpg,https://www.metro.ca/en/online-grocery/search-page-231
MÉCHANT LOUP,Classic Dry Sausage,90 g,"$6.99
 ea.",,$7.77 /100g,,,https://product-images.metro.ca/images/h59/h1e/11122254905374.jpg,https://www.metro.ca/en/online-grocery/search-page-231
MÉCHANT LOUP,Barbecue Texan Dry Sausage,90 g,"$6.99
 ea.",,$7.77 /100g,,,https://product-images.metro.ca/images/h10/h10/11122249269278.jpg,https://www.metro.ca/en/online-grocery/search-page-231
MÉCHANT LOUP,Peppery Cheddar Dry Sausage,90 g,"$6.99
 ea.",,$7.77 /100g,,,https://product-images.metro.ca/images/h5f/h3d/11449716539422.jpg,https://www.metro.ca/en/online-grocery/search-page-231
BENELUX,"Strong IPA Beer, Catapulte",473 mL,"$4.69
 ea.",,$0.99 /100ml,,,,https://www.metro.ca/en/online-grocery/search-page-231
RED BULL,"Energy Drink, Zero",250 mL,"2 / 
$5.50",,$1.10 /100ml,"Regular price
$3.49  ea.","Valid until Jan 24, 2024",https://product-images.metro.ca/images/h5e/h10/11481659637790.jpg,https://www.metro.ca/en/online-grocery/search-page-231
KICKING HORSE,Organic Lucky Jim Ground Coffee,284 g,"$13.99
 ea.",,$4.93 /100g,,,https://product-images.metro.ca/images/h35/h05/12191901941790.jpg,https://www.metro.ca/en/online-grocery/search-page-231
RED BULL,"Juneberry Flavoured Energizing Drink, Summer Edition",250 ml,"2 / 
$5.50",,$1.10 /100ml,"Regular price
$3.49  ea.","Valid until Jan 24, 2024",,https://www.metro.ca/en/online-grocery/search-page-231
RED BULL,"Fig And Apple Flavoured Energizing Drink, Winter Edi...",250 mL,"2 / 
$5.50",,$1.10 /100ml,"Regular price
$3.49  ea.","Valid until Jan 24, 2024",,https://www.metro.ca/en/online-grocery/search-page-231
TOPLA!,Bolognese Vegan Sauce,700 mL,"$10.29
 ea.",,$1.47 /100ml,,,https://product-images.metro.ca/images/h61/h42/11432814280734.jpg,https://www.metro.ca/en/online-grocery/search-page-231
TOPLA!,Alfredo Crème Sublime Sauce,800 mL,"$10.29
 ea.",,$1.29 /100ml,,,https://product-images.metro.ca/images/h43/hbc/11432815001630.jpg,https://www.metro.ca/en/online-grocery/search-page-232
,Homemade Orange Juice,350 mL,"$3.99
 ea.",,$1.14 /100ml,,,https://product-images.metro.ca/images/hd9/h48/11493179818014.jpg,https://www.metro.ca/en/online-grocery/search-page-232
,Homemade Orange Juice,946 mL,"$9.99
 ea.",,$1.06 /100ml,,,https://product-images.metro.ca/images/ha3/h29/11493175951390.jpg,https://www.metro.ca/en/online-grocery/search-page-232
TOPLA!,Creamy Tomato Sauce,750 mL,"$10.29
 ea.",,$1.37 /100ml,,,https://product-images.metro.ca/images/h4d/h94/11157724594206.jpg,https://www.metro.ca/en/online-grocery/search-page-232
HÉRITAGE 77,"Strawberry, Raspberry And Apple Juice",350 mL,"$2.69
 ea.",,$0.77 /100ml,,,https://product-images.metro.ca/images/hf9/hec/10503224033310.jpg,https://www.metro.ca/en/online-grocery/search-page-232
HÉRITAGE 77,Apple Juice,350 mL,"$2.69
 ea.",,$0.77 /100ml,,,https://product-images.metro.ca/images/heb/h30/10503224098846.jpg,https://www.metro.ca/en/online-grocery/search-page-232
HÉRITAGE 77,Lemonade With Fresh-Pressed Apple Juice,350 mL,"$2.69
 ea.",,$0.77 /100ml,,,https://product-images.metro.ca/images/h33/h08/10503224000542.jpg,https://www.metro.ca/en/online-grocery/search-page-232
HÉRITAGE 77,"Apple, Blueberry And Raspberry Juice",350 mL,"$2.69
 ea.",,$0.77 /100ml,,,https://product-images.metro.ca/images/hca/hff/10503227441182.jpg,https://www.metro.ca/en/online-grocery/search-page-232
HÉRITAGE 77,"Strawberry, Raspberry And Apple Juice, Value Pack",1.75 L,"$4.99
 ea.",,$0.29 /100ml,,,https://product-images.metro.ca/images/he6/hc1/10767270117406.jpg,https://www.metro.ca/en/online-grocery/search-page-232
HÉRITAGE 77,Lemonade With Fresh-Pressed Apple Juice,1.75 L,"$4.99
 ea.",,$0.29 /100ml,,,https://product-images.metro.ca/images/h38/hb7/10767269265438.jpg,https://www.metro.ca/en/online-grocery/search-page-232
HÉRITAGE 77,"Apple Juice, Value Pack",1.75 L,"$4.99
 ea.",,$0.29 /100ml,,,https://product-images.metro.ca/images/h05/h60/10767270379550.jpg,https://www.metro.ca/en/online-grocery/search-page-232
HÉRITAGE 77,"Apple, Blueberry And Blackberry Juice, Value Pack",1.75 L,"$4.99
 ea.",,$0.29 /100ml,,,https://product-images.metro.ca/images/h4b/he7/10767295512606.jpg,https://www.metro.ca/en/online-grocery/search-page-232
HÉRITAGE 77,Orchard Rosé Apple And Crabapple Juice,1.75 L,"$4.99
 ea.",,$0.29 /100ml,"Regular price
$5.99  ea.","Valid until Jan 17, 2024",https://product-images.metro.ca/images/hc6/hf0/10767287123998.jpg,https://www.metro.ca/en/online-grocery/search-page-232
HÉRITAGE 77,Green Tea From The Maple Grove,1.75 L,"$4.99
 ea.",,$0.29 /100ml,,,https://product-images.metro.ca/images/h46/h70/10845372088350.jpg,https://www.metro.ca/en/online-grocery/search-page-232
HÉRITAGE 77,Maple Grove Green Tea,350 mL,"$2.69
 ea.",,$0.77 /100ml,,,https://product-images.metro.ca/images/he6/h5a/10957897826334.jpg,https://www.metro.ca/en/online-grocery/search-page-232
THE LITTLE POTATO COMPANY,Creamer Potatoes With Onion And Chive Seasoning,454 g,"$4.99
 ea.",,$1.10 /100g,,,https://product-images.metro.ca/images/h17/h2b/11449580486686.jpg,https://www.metro.ca/en/online-grocery/search-page-232
THE LITTLE POTATO COMPANY,Creamer Potatoes With Roasted Red Pepper And Onion S...,454 g,"$4.99
 ea.",,$1.10 /100g,,,,https://www.metro.ca/en/online-grocery/search-page-232
THE LITTLE POTATO COMPANY,"Creamer Potatoes, Morning Pearl",680 g,"$4.99
 ea.",,$0.73 /100g,,,,https://www.metro.ca/en/online-grocery/search-page-232
THE LITTLE POTATO COMPANY,Creamer Potatoes With Lemon And Garden Herb Sesoning,454 g,"$4.99
 ea.",,$1.10 /100g,,,https://product-images.metro.ca/images/h14/h41/11449625083934.jpg,https://www.metro.ca/en/online-grocery/search-page-232
BRASSEUR DE MONTRÉAL,"Hazy IPA Beer, NormanVille",473 mL - can,"2 / 
$7.00",,$0.74 /100ml,"Regular price
$3.79  ea.","Valid until Feb 7, 2024",,https://www.metro.ca/en/online-grocery/search-page-232
BRASSEUR DE MONTRÉAL,"Non-Alcoholic IPA Beer, L'Amer IPA",4x473 mL - cans,"$14.49
 ea.",,$0.77 /100ml,,,,https://www.metro.ca/en/online-grocery/search-page-232
BRASSEUR DE MONTRÉAL,"Non-Alcoholic Blonde Beer, Griffintown",4x473 mL - cans,"$14.49
 ea.",,$0.77 /100ml,,,,https://www.metro.ca/en/online-grocery/search-page-232
THE LITTLE POTATO COMPANY,Purple Creamer Potatoes,680 g,"$4.99
 ea.",,$0.73 /100g,,,https://product-images.metro.ca/images/h59/hf7/11461893718046.jpg,https://www.metro.ca/en/online-grocery/search-page-232
THE LITTLE POTATO COMPANY,Creamer Potatoes With Smoked Salt Seasoning,454 g,"$4.99
 ea.",,$1.10 /100g,,,https://product-images.metro.ca/images/h30/h82/12018890342430.jpg,https://www.metro.ca/en/online-grocery/search-page-232
THE LITTLE POTATO COMPANY,"Creamer Potatoes With Roaster Garlic, Rosemary And T...",454 g,"$4.99
 ea.",,$1.10 /100g,,,,https://www.metro.ca/en/online-grocery/search-page-232
,Flower Bouquet,1 un,"$19.99
 ea.",,$19.99 /un.,,,https://www.metro.ca/images/shared/placeholders/icon-no-picture.svg?v=2023.71.1.d1,https://www.metro.ca/en/online-grocery/search-page-232
,Bouquet Of Flowers,1 un,"$39.99
 ea.",,$39.99 /un.,,,https://product-images.metro.ca/images/ha2/h0d/11103180324894.jpg,https://www.metro.ca/en/online-grocery/search-page-232
,Fresh Kale,1 un,"$5.99
 ea.",,$5.99 /un.,,,https://product-images.metro.ca/images/h91/h38/10389393670174.jpg,https://www.metro.ca/en/online-grocery/search-page-232
FERME PIGEON,Organic Green Beans,340 g,"$6.99
 ea.",,$2.06 /100g,,,https://product-images.metro.ca/images/he3/h04/10227504316446.jpg,https://www.metro.ca/en/online-grocery/search-page-232
CHEF FRANKIE,Sliced Everything Bagels,480 g,"$5.99
 ea.",,$1.25 /100g,,,https://product-images.metro.ca/images/h0d/h05/9531704573982.jpg,https://www.metro.ca/en/online-grocery/search-page-232
BEAU'S BREWERY,Organic Grapefruit Radler Beer,473 mL - can,"$3.99
 ea.",,$0.84 /100ml,,,https://product-images.metro.ca/images/h1d/hff/10073682149406.jpg,https://www.metro.ca/en/online-grocery/search-page-233
BEAU'S BREWERY,"IPA Beer, Full Time",473 mL - can,"$4.29
 ea.",,$0.91 /100ml,,,,https://www.metro.ca/en/online-grocery/search-page-233
BEAU'S BREWERY,"Blonde Lager Beered Ale, Lug Tread",473 mL - can,"$3.49
 ea.",,$0.74 /100ml,,,,https://www.metro.ca/en/online-grocery/search-page-233
DOMAINE NEIGE,"Pink Grapefruit Flavoured Cider, Seltzer",4x355 mL,"$10.99
 ea.",,$0.77 /100ml,,,,https://www.metro.ca/en/online-grocery/search-page-233
DOMAINE NEIGE,"Original Cider, Seltzer",4x355 mL,"$10.99
 ea.",,$0.77 /100ml,,,,https://www.metro.ca/en/online-grocery/search-page-233
REV,Original Flavoured Alcoholic Malt Beverage,355 mL - can,"2 / 
$7.00",,$0.99 /100ml,"Regular price
$3.89  ea.","Valid until Feb 7, 2024",https://product-images.metro.ca/images/h56/h50/9531288322078.jpg,https://www.metro.ca/en/online-grocery/search-page-233
VILEDA,Bathroom Sponge,4 un,"$3.99
 ea.",,$1.00 /un.,,,https://product-images.metro.ca/images/h02/h77/10184170045470.jpg,https://www.metro.ca/en/online-grocery/search-page-233
SCHÖFFERHOFER,Grapefruit White Beer,4x500 mL,"$11.99
 ea.",,$0.60 /100ml,,,https://product-images.metro.ca/images/hfb/hda/10547182370846.jpg,https://www.metro.ca/en/online-grocery/search-page-233
SHAKER MIXOLOGY,"Alcoholic Malt Beverage Variety Pack, Mix Pack 2",12x355 mL,"$24.99
 ea.",,$0.59 /100ml,"Regular price
$28.99  ea.","Valid until Feb 7, 2024",,https://www.metro.ca/en/online-grocery/search-page-233
MYSTIQUE,Organic Water Decaffeinated Dark Coffee Beans,395 g,"$14.99
 ea.",,$3.79 /100g,"Regular price
$16.49  ea.","Valid until Feb 7, 2024",https://product-images.metro.ca/images/hec/h3f/10020682629150.jpg,https://www.metro.ca/en/online-grocery/search-page-233
,Shiitake Mushrooms,125 g,"$5.99
 ea.",,$4.79 /100g,,,https://product-images.metro.ca/images/h1e/h44/10170734149662.jpg,https://www.metro.ca/en/online-grocery/search-page-233
METROGO!,Ham Emmental Wrap,230 g,"$7.99
 ea.",,$3.47 /100g,,,https://www.metro.ca/images/shared/placeholders/icon-no-picture.svg?v=2023.71.1.d1,https://www.metro.ca/en/online-grocery/search-page-233
METROGO!,Asian Chicken Wrap,230 g,"$7.99
 ea.",,$3.47 /100g,,,https://www.metro.ca/images/shared/placeholders/icon-no-picture.svg?v=2023.71.1.d1,https://www.metro.ca/en/online-grocery/search-page-233
METROGO!,Bacon Chicken Caesar Wrap,215 g,"$7.99
 ea.",,$3.72 /100g,,,https://www.metro.ca/images/shared/placeholders/icon-no-picture.svg?v=2023.71.1.d1,https://www.metro.ca/en/online-grocery/search-page-233
METROGO!,Piri-Piri Chicken Wrap,225 g,"$7.99
 ea.",,$3.55 /100g,,,https://www.metro.ca/images/shared/placeholders/icon-no-picture.svg?v=2023.71.1.d1,https://www.metro.ca/en/online-grocery/search-page-233
METROGO!,Turkey Emmental Wrap,230 g,"$7.99
 ea.",,$3.47 /100g,,,https://www.metro.ca/images/shared/placeholders/icon-no-picture.svg?v=2023.71.1.d1,https://www.metro.ca/en/online-grocery/search-page-233
THREE FARMERS,Lightly Salted Roasted Lentils,140 g,"$5.49
 ea.",,$3.92 /100g,,,https://product-images.metro.ca/images/h32/hc3/9791248826398.jpg,https://www.metro.ca/en/online-grocery/search-page-233
THREE FARMERS,Seas Salt And Vinegar Flavoured Roasted Lentils,140 g,"$5.49
 ea.",,$3.92 /100g,,,https://product-images.metro.ca/images/hab/h1c/10152906522654.jpg,https://www.metro.ca/en/online-grocery/search-page-233
THREE FARMERS,Barbecue Flavoured Roasted Lentils,140 g,"$5.49
 ea.",,$3.92 /100g,,,https://product-images.metro.ca/images/he1/h28/10152907309086.jpg,https://www.metro.ca/en/online-grocery/search-page-233
FERME DES VOLTIGEURS,Grain-Fed Chicken Pasta Sauce,1 L,"$16.99
 ea.",,$1.70 /100ml,,,https://product-images.metro.ca/images/h74/h6e/11307202707486.jpg,https://www.metro.ca/en/online-grocery/search-page-233
THREE FARMERS,Dill Pickle And Roasted Fava Beans,140 g,"$5.49
 ea.",,$3.92 /100g,,,https://product-images.metro.ca/images/hbc/h6f/11937232551966.jpg,https://www.metro.ca/en/online-grocery/search-page-233
THREE FARMERS,Zesty Cheddar Flavoured Fava Beans,140 g,"$5.49
 ea.",,$3.92 /100g,,,https://product-images.metro.ca/images/hba/h56/10792746319902.jpg,https://www.metro.ca/en/online-grocery/search-page-233
THREE FARMERS,Gluten Free Sea Salt Flavoured Roasted Fava Beans,140 g,"$5.49
 ea.",,$3.92 /100g,,,https://product-images.metro.ca/images/h9a/h53/10804172947486.jpg,https://www.metro.ca/en/online-grocery/search-page-233
MOISHES,Gluten Free Dill Pickles,1 L,"$6.99
 ea.",,$0.70 /100ml,,,https://www.metro.ca/images/shared/placeholders/icon-no-picture.svg?v=2023.71.1.d1,https://www.metro.ca/en/online-grocery/search-page-233
MOISHES,Gluten Free Old Country Sauerkraut,1 L,"$6.99
 ea.",,$0.70 /100ml,,,https://www.metro.ca/images/shared/placeholders/icon-no-picture.svg?v=2023.71.1.d1,https://www.metro.ca/en/online-grocery/search-page-233
FLATOUT,Thin Pizza Crust,289 g,"$4.79
 ea.",,$1.66 /100g,,,https://product-images.metro.ca/images/h59/h93/11541190672414.jpg,https://www.metro.ca/en/online-grocery/search-page-233
EURODÉLICES,Regular Couscous,907 g,"$4.29
 ea.",,$0.47 /100g,"Regular price
$4.69  ea.","Valid until Jan 24, 2024",https://product-images.metro.ca/images/h84/hcc/10053854101534.jpg,https://www.metro.ca/en/online-grocery/search-page-233
EURODÉLICES,Pearled Couscous,300 g,"$4.29
 ea.",,$1.43 /100g,"Regular price
$4.69  ea.","Valid until Jan 24, 2024",https://product-images.metro.ca/images/h6b/h72/10053856100382.jpg,https://www.metro.ca/en/online-grocery/search-page-233
THÉBERGE,Old Fashioned Smoked Back Bacon,200 g,"$6.49
 ea.",,$3.25 /100g,,,https://product-images.metro.ca/images/h5f/h8f/11257210601502.jpg,https://www.metro.ca/en/online-grocery/search-page-233
THÉBERGE,Sliced Smoked Pork Cheek,100 g,"$6.49
 ea.",,$6.49 /100g,,,https://product-images.metro.ca/images/h7b/hb5/10333773594654.jpg,https://www.metro.ca/en/online-grocery/search-page-233
CARLSBERG,Non-Alcoholic Danish Beer,6x330 mL - Cans,"$14.99
 ea.",,$4.54 /100ml,,,https://product-images.metro.ca/images/h69/h04/10372685791262.jpg,https://www.metro.ca/en/online-grocery/search-page-234
NORTHFORK,Bison Burgers,4x4 oz,"$14.99
 ea.",,$3.32 /100g,,,https://product-images.metro.ca/images/h86/h88/10998206955550.jpg,https://www.metro.ca/en/online-grocery/search-page-234
BLUE DRAGON,Pad Thai Sauce,270 mL,"$4.99
 ea.",,$1.85 /100ml,"Regular price
$6.29  ea.","Valid until Jan 24, 2024",https://product-images.metro.ca/images/h53/h8d/9531487256606.jpg,https://www.metro.ca/en/online-grocery/search-page-234
LITTLE NORTHERN BAKEHOUSE,Gluten Free Wide Sliced Whole Grain Bread,567 g,"$7.29
 ea.",,$1.29 /100g,"Regular price
$8.79  ea.","Valid until Feb 14, 2024",https://product-images.metro.ca/images/heb/hd3/9531496595486.jpg,https://www.metro.ca/en/online-grocery/search-page-234
LITTLE NORTHERN BAKEHOUSE,Frozen Gluten Free Plain Bagel,400 g,"$6.99
 ea.",,$1.75 /100g,"Regular price
$8.49  ea.","Valid until Feb 14, 2024",https://product-images.metro.ca/images/ha2/h2e/9531632779294.jpg,https://www.metro.ca/en/online-grocery/search-page-234
PATAK'S,Tikka Masala Lentils,285 g,"$4.29
 ea.",,$1.51 /100g,,,https://product-images.metro.ca/images/h98/h84/9896023621662.jpg,https://www.metro.ca/en/online-grocery/search-page-234
PATAK'S,Butter Chickpeas,285 g,"$4.29
 ea.",,$1.51 /100g,,,https://product-images.metro.ca/images/h91/h68/9896024834078.jpg,https://www.metro.ca/en/online-grocery/search-page-234
PATAK'S,Chickpeas Korma,285 g,"$4.29
 ea.",,$1.51 /100g,,,https://product-images.metro.ca/images/h06/hfd/9896023556126.jpg,https://www.metro.ca/en/online-grocery/search-page-234
AL'FEZ,Shawarma Marinade,157 mL,"$4.99
 ea.",,$3.18 /100ml,,,https://product-images.metro.ca/images/hb4/h72/9858276425758.jpg,https://www.metro.ca/en/online-grocery/search-page-234
AL'FEZ,Moroccan Style Meatball Cooking Sauce,400 mL,"$6.29
 ea.",,$1.57 /100ml,,,https://product-images.metro.ca/images/hd9/h55/12230607241246.jpg,https://www.metro.ca/en/online-grocery/search-page-234
AL'FEZ,Moroccan Couscous Side Dish,200 g,"$4.99
 ea.",,$2.50 /100g,,,https://product-images.metro.ca/images/h26/hb9/12230610812958.jpg,https://www.metro.ca/en/online-grocery/search-page-234
AL'FEZ,Shish Taouk Marinade,156 mL,"$4.99
 ea.",,$3.20 /100ml,,,https://product-images.metro.ca/images/h49/h44/9858348056606.jpg,https://www.metro.ca/en/online-grocery/search-page-234
AL'FEZ,Harissa Paste,90 mL,"$4.79
 ea.",,$5.32 /100ml,,,https://product-images.metro.ca/images/h4f/h04/9858431811614.jpg,https://www.metro.ca/en/online-grocery/search-page-234
AL'FEZ,Apricot And Coriander Cooking Sauce,400 mL,"$6.29
 ea.",,$1.57 /100ml,,,https://product-images.metro.ca/images/hee/h3a/12230607470622.jpg,https://www.metro.ca/en/online-grocery/search-page-234
AL'FEZ,Natural Tahini Paste,160 g,"$4.69
 ea.",,$2.93 /100g,,,https://product-images.metro.ca/images/h16/h9d/11627169218590.jpg,https://www.metro.ca/en/online-grocery/search-page-234
BLUE DRAGON,Medium Egg Noodles,300 g,"$4.69
 ea.",,$1.56 /100g,,,https://product-images.metro.ca/images/h2d/hb4/11198189240350.jpg,https://www.metro.ca/en/online-grocery/search-page-234
BLUE DRAGON,Soba Buckwheat Noodles,250 g,"$4.69
 ea.",,$1.88 /100g,,,https://product-images.metro.ca/images/hda/hfb/11198200021022.jpg,https://www.metro.ca/en/online-grocery/search-page-234
BLUE DRAGON,Rice Noodles,300 g,"$4.69
 ea.",,$1.56 /100g,,,https://product-images.metro.ca/images/hd5/h2d/11198188847134.jpg,https://www.metro.ca/en/online-grocery/search-page-234
BLUE DRAGON,Pad Thai Rice Noodles,300 g,"$4.69
 ea.",,$1.56 /100g,,,https://product-images.metro.ca/images/hd1/h63/11198188093470.jpg,https://www.metro.ca/en/online-grocery/search-page-234
BLUE DRAGON,Sushi Nori Roasted Seaweed Sheets,22 g,"$5.79
 ea.",,$26.32 /100g,,,https://product-images.metro.ca/images/hae/h44/11198199234590.jpg,https://www.metro.ca/en/online-grocery/search-page-234
MADEGOOD,Chocolate-Banana Soft Baked Mini Cookie Packs,5x24 g,"$4.99
 ea.",,$4.16 /100g,,,https://product-images.metro.ca/images/hae/hbc/11771881652254.jpg,https://www.metro.ca/en/online-grocery/search-page-234
MADEGOOD,Double Chocolate Soft Baked Mini Cookie Packs,5x24 g,"$4.99
 ea.",,$4.16 /100g,,,https://product-images.metro.ca/images/h14/hcd/11771880603678.jpg,https://www.metro.ca/en/online-grocery/search-page-234
MADEGOOD,Chocolate Chips Soft Baked Mini Cookie Packs,5x24 g,"$4.99
 ea.",,$4.16 /100g,,,https://product-images.metro.ca/images/h32/h01/11696058073118.jpg,https://www.metro.ca/en/online-grocery/search-page-234
MADEGOOD,Cocoa Crunch Flavoured Crispy Light Granola,284 g,"$6.29
 ea.",,$2.21 /100g,"Regular price
$6.99  ea.","Valid until Feb 7, 2024",https://product-images.metro.ca/images/hef/h2b/11754208133150.jpg,https://www.metro.ca/en/online-grocery/search-page-234
MADEGOOD,Cookies And Cream Flavoured Granola Bars,5x24 g,"$3.99
 ea.",,$3.32 /100g,"Regular price
$4.99  ea.","Valid until Feb 7, 2024",https://product-images.metro.ca/images/h46/h64/11696063610910.jpg,https://www.metro.ca/en/online-grocery/search-page-234
MADEGOOD,Red Velvet Soft Baked Mini Cookie Packs,5x24 g,"$4.99
 ea.",,$4.16 /100g,,,https://product-images.metro.ca/images/he9/h0c/11771902132254.jpg,https://www.metro.ca/en/online-grocery/search-page-234
MADEGOOD,Chocolate Chip Granola Bite Packs,5x24 g,"$3.99
 ea.",,$3.32 /100g,"Regular price
$4.99  ea.","Valid until Feb 7, 2024",https://product-images.metro.ca/images/he2/he3/11696068689950.jpg,https://www.metro.ca/en/online-grocery/search-page-234
MADEGOOD,Pizza Flavoured Star Puffed Crackers,121 g,"$4.99
 ea.",,$4.12 /100g,,,https://product-images.metro.ca/images/h66/hcc/11771916517406.jpg,https://www.metro.ca/en/online-grocery/search-page-234
MADEGOOD,Cheddar Flavoured Star Puffed Crackers,121 g,"$4.99
 ea.",,$4.12 /100g,,,https://product-images.metro.ca/images/h69/h21/11771914747934.jpg,https://www.metro.ca/en/online-grocery/search-page-234
MADEGOOD,Sea Salt Flavoured Star Puffed Crackers,121 g,"$4.99
 ea.",,$4.12 /100g,,,https://product-images.metro.ca/images/hb3/h68/11771915304990.jpg,https://www.metro.ca/en/online-grocery/search-page-234
MADEGOOD,Vanilla Flavoured Cookies,142 g,"$4.99
 ea.",,$3.51 /100g,,,https://product-images.metro.ca/images/hd6/h82/11744229523486.jpg,https://www.metro.ca/en/online-grocery/search-page-235
MADEGOOD,Chocolate Chip Cookies,142 g,"$4.99
 ea.",,$3.51 /100g,,,https://product-images.metro.ca/images/hff/hc5/11696082321438.jpg,https://www.metro.ca/en/online-grocery/search-page-235
MADEGOOD,Chocolate Chip Granola Bars,360 g,"$12.49
 ea.",,$3.47 /100g,,,https://product-images.metro.ca/images/h9a/had/11696084221982.jpg,https://www.metro.ca/en/online-grocery/search-page-235
,Organic Quebec Garlic,115 g,"$5.99
 ea.",,$5.21 /100g,,,https://product-images.metro.ca/images/h50/hdf/10958061469726.jpg,https://www.metro.ca/en/online-grocery/search-page-235
SPREAD'EM,Chives And Garlic Plant-Based Cashew Spread,183 g,"$10.29
 ea.",,$5.62 /100g,,,https://product-images.metro.ca/images/h5f/h77/11574254174238.jpg,https://www.metro.ca/en/online-grocery/search-page-235
ATTITUDE,"Size 2 Diapers, Eco Diapers",22 un,"$17.99
 ea.",,$0.82 /un.,,,,https://www.metro.ca/en/online-grocery/search-page-235
ATTITUDE,"Size 1-2 Diapers, Eco Diapers",36 un,"$17.99
 ea.",,$0.50 /un.,,,,https://www.metro.ca/en/online-grocery/search-page-235
ATTITUDE,"Size 4 Diapers, Eco Diapers",26 un,"$17.99
 ea.",,$0.69 /un.,,,,https://www.metro.ca/en/online-grocery/search-page-235
ATTITUDE,"Size 3 Diapers, Eco Diapers",30 un,"$17.99
 ea.",,$0.60 /un.,,,,https://www.metro.ca/en/online-grocery/search-page-235
ATTITUDE,Moisturizing And Repairing Natural Hand Cream For Dr...,75 mL,"$8.99
 ea.",,$11.99 /100ml,"Regular price
$11.49  ea.","Valid until Feb 7, 2024",,https://www.metro.ca/en/online-grocery/search-page-235
ATTITUDE,Ultra Nourishing Hand Cream,75 mL,"$8.99
 ea.",,$11.99 /100ml,"Regular price
$11.49  ea.","Valid until Feb 7, 2024",https://product-images.metro.ca/images/haf/he7/11117427097630.jpg,https://www.metro.ca/en/online-grocery/search-page-235
ATTITUDE,Itch Soothing Shampoo For Dog,473 mL,"$13.99
 ea.",,$2.96 /100ml,"Regular price
$15.99  ea.","Valid until Jan 24, 2024",https://product-images.metro.ca/images/h58/h9d/10269134094366.jpg,https://www.metro.ca/en/online-grocery/search-page-235
ATTITUDE,Soothing Shampoo For Dog,473 mL,"$13.99
 ea.",,$2.96 /100ml,"Regular price
$15.99  ea.","Valid until Jan 24, 2024",https://product-images.metro.ca/images/h2a/hd0/10269135044638.jpg,https://www.metro.ca/en/online-grocery/search-page-235
ATTITUDE,Nourrishing Shampoo And Conditionner For Dog,473 mL,"$13.99
 ea.",,$2.96 /100ml,"Regular price
$15.99  ea.","Valid until Jan 24, 2024",https://product-images.metro.ca/images/h20/h2e/10269134553118.jpg,https://www.metro.ca/en/online-grocery/search-page-235
ATTITUDE,Lavender Scented Shampoo For Dog,473 mL,"$13.99
 ea.",,$2.96 /100ml,"Regular price
$15.99  ea.","Valid until Jan 24, 2024",https://product-images.metro.ca/images/hf1/h6e/9999560343582.jpg,https://www.metro.ca/en/online-grocery/search-page-235
ATTITUDE,Itch Soothing Shampoo For Pets,473 mL,"$13.99
 ea.",,$2.96 /100ml,"Regular price
$15.99  ea.","Valid until Jan 24, 2024",https://product-images.metro.ca/images/hcc/h9f/10715748696094.jpg,https://www.metro.ca/en/online-grocery/search-page-235
ATTITUDE,Waterless Detangling Spray For Pets,240 mL,"$13.99
 ea.",,$5.83 /100ml,"Regular price
$15.99  ea.","Valid until Jan 24, 2024",https://product-images.metro.ca/images/hcd/h1e/10715747123230.jpg,https://www.metro.ca/en/online-grocery/search-page-235
ATTITUDE,Lavender Scented Air Purifier For Pets,227 g,"$5.99
 ea.",,$2.64 /100g,"Regular price
$6.99  ea.","Valid until Jan 24, 2024",https://product-images.metro.ca/images/h7c/hee/10269191340062.jpg,https://www.metro.ca/en/online-grocery/search-page-235
ATTITUDE,Unscented Grooming Wipes For Pets,72 un,"$10.99
 ea.",,$0.15 /un.,"Regular price
$12.99  ea.","Valid until Jan 24, 2024",https://product-images.metro.ca/images/hfa/h90/10269176463390.jpg,https://www.metro.ca/en/online-grocery/search-page-235
VIGNOBLE MONDOR,"Quebec Red Wine, De Marquette",750 mL,"$14.29
 ea.",,$1.91 /100ml,,,,https://www.metro.ca/en/online-grocery/search-page-235
VIGNOBLE MONDOR,"Quebec White Wine, Le Côteau D'Or",750 mL,"$14.29
 ea.",,$1.91 /100ml,,,,https://www.metro.ca/en/online-grocery/search-page-235
VIGNOBLE MONDOR,"Quebec Red Wine, Renaissance",750 mL,"$14.99
 ea.",,$2.00 /100ml,,,,https://www.metro.ca/en/online-grocery/search-page-235
SANICAP,Sanitary Paper Cover Seat,1 un,"$1.99
 ea.",,$1.99 /un.,,,https://product-images.metro.ca/images/hdc/h38/10823601881118.jpg,https://www.metro.ca/en/online-grocery/search-page-235
NUTS FOR CHEESE,Artichoke And Herb Organic Dairy-Free Fermented Cash...,120 g,"$13.29
 ea.",,$11.07 /100g,,,,https://www.metro.ca/en/online-grocery/search-page-235
BIÈRERIE SHELTON,NEIPA Beer,473 mL - can,"$6.09
 ea.",,$1.29 /100ml,,,https://product-images.metro.ca/images/he0/haa/10073888227358.jpg,https://www.metro.ca/en/online-grocery/search-page-235
LA PIMENTERIE,Lime And Cilantro Flavoured Hot Sauce,148 mL,"$10.99
 ea.",,$7.43 /100ml,,,https://product-images.metro.ca/images/had/h98/9442960605214.jpg,https://www.metro.ca/en/online-grocery/search-page-235
BIÈRERIE SHELTON,Strong Sour Saison Beer,473 mL - can,"$5.09
 ea.",,$1.08 /100ml,,,https://product-images.metro.ca/images/h29/h80/10095506259998.jpg,https://www.metro.ca/en/online-grocery/search-page-235
VIGNOBLE DOMAINE BRESEE,Quebec Rosé Wine,750 mL,"$16.59
 ea.",,$2.21 /100ml,,,https://product-images.metro.ca/images/hbf/h05/10246270353438.jpg,https://www.metro.ca/en/online-grocery/search-page-235
TOUT CRU,Organic Napa Kimchi,473 mL,"$11.99
 ea.",,$2.53 /100ml,,,https://www.metro.ca/images/shared/placeholders/icon-no-picture.svg?v=2023.71.1.d1,https://www.metro.ca/en/online-grocery/search-page-235
CAPEL FOODS,Maple Sugar Chip Pancake And Waffle Mix,280 g,"$7.99
 ea.",,$3.80 /100g,,,https://product-images.metro.ca/images/h26/hda/10379095965726.jpg,https://www.metro.ca/en/online-grocery/search-page-235
CAPEL FOODS,Plain Pancake Mix,400 g,"$7.99
 ea.",,$2.00 /100g,,,https://product-images.metro.ca/images/h78/h0d/11022186905630.jpg,https://www.metro.ca/en/online-grocery/search-page-236
CAPEL FOODS,Buckwheat Pancake Mix,304 g,"$7.99
 ea.",,$2.63 /100g,,,https://product-images.metro.ca/images/had/h0c/11022193393694.jpg,https://www.metro.ca/en/online-grocery/search-page-236
SHELTON BREWERY,Espresso Blonde Beer,473 mL -can,"$4.99
 ea.",,$1.05 /100ml,,,https://product-images.metro.ca/images/h48/h8f/10711145644062.jpg,https://www.metro.ca/en/online-grocery/search-page-236
ALIMENTS RACINE,Vegan Shiitake Mushroom Patties,250 g,"$4.99
 ea.",,$2.00 /100g,"Regular price
$5.99  ea.","Valid until Jan 17, 2024",https://product-images.metro.ca/images/h58/h5d/10063398240286.jpg,https://www.metro.ca/en/online-grocery/search-page-236
TOROMATCHA,Pineapple Flavoured Organic Sparkling Energy Drink,355 mL,"$3.69
 ea.",,$1.04 /100ml,,,https://product-images.metro.ca/images/h1e/hde/11590804439070.jpg,https://www.metro.ca/en/online-grocery/search-page-236
ALIMENTS RACINE,BBQ And Chipotle Flavoured Vegan Burgers,250 g,"$4.99
 ea.",,$2.00 /100g,"Regular price
$5.99  ea.","Valid until Jan 17, 2024",https://www.metro.ca/images/shared/placeholders/icon-no-picture.svg?v=2023.71.1.d1,https://www.metro.ca/en/online-grocery/search-page-236
SIGNÉ CAMÉLINE,Camelina Seeds,250 g,"$7.49
 ea.",,$3.00 /100g,"Regular price
$8.49  ea.","Valid until Jan 24, 2024",https://product-images.metro.ca/images/h69/ha3/9916624175134.jpg,https://www.metro.ca/en/online-grocery/search-page-236
ST-ZACHARIE,Bourbon Bbq Sauce,350 mL,"$12.99
 ea.",,$3.71 /100ml,,,https://product-images.metro.ca/images/hc0/h29/10322993905694.jpg,https://www.metro.ca/en/online-grocery/search-page-236
ST-ZACHARIE,Maple Syrup Flavoured Bbq Sauce,350 mL,"$12.99
 ea.",,$3.71 /100ml,,,https://product-images.metro.ca/images/h3c/hc4/10246164185118.jpg,https://www.metro.ca/en/online-grocery/search-page-236
UPTIME,Frozen Chicken And Green Onion Wonton,560 g,"$9.99
 ea.",,$1.78 /100g,"Regular price
$10.99  ea.","Valid until Jan 17, 2024",https://product-images.metro.ca/images/hc9/h07/10225504321566.jpg,https://www.metro.ca/en/online-grocery/search-page-236
UPTIME,Frozen Pork And Shrimps Wonton,560 g,"$9.99
 ea.",,$1.78 /100g,"Regular price
$10.99  ea.","Valid until Jan 17, 2024",https://product-images.metro.ca/images/hfd/h6a/10225421090846.jpg,https://www.metro.ca/en/online-grocery/search-page-236
UPTIME,Frozen Chicken And Coriander Wonton,560 g,"$9.99
 ea.",,$1.78 /100g,"Regular price
$10.99  ea.","Valid until Jan 17, 2024",https://product-images.metro.ca/images/h11/hd7/10225568055326.jpg,https://www.metro.ca/en/online-grocery/search-page-236
SIGNÉ CAMÉLINE,Roasted Camelina Seeds,250 g,"$9.29
 ea.",,$3.72 /100g,,,https://product-images.metro.ca/images/h9e/h94/10454767337502.jpg,https://www.metro.ca/en/online-grocery/search-page-236
FLOURISH,Chocolate Flavoured Protein Pancake And Waffle Mix,430 g,"$12.99
 ea.",,$3.02 /100g,,,https://product-images.metro.ca/images/hf3/ha1/9859680895006.jpg,https://www.metro.ca/en/online-grocery/search-page-236
AQUAVERTI,Green Leaf Lettuce,140 g,"$5.99
 ea.",,$4.28 /100g,,,https://product-images.metro.ca/images/h56/h3d/11511741513758.jpg,https://www.metro.ca/en/online-grocery/search-page-236
ST-ZACHARIE,Habanero Pepper Hot Sauce,148 mL,"$8.99
 ea.",,$6.07 /100ml,,,https://product-images.metro.ca/images/h93/h7d/10323709984798.jpg,https://www.metro.ca/en/online-grocery/search-page-236
ST-ZACHARIE,Maple And Bourbon Hot Sauce,150 mL,"$8.99
 ea.",,$6.07 /100ml,,,https://product-images.metro.ca/images/heb/h37/10265275695134.jpg,https://www.metro.ca/en/online-grocery/search-page-236
SUPER SUPER,Liquid Smoke Seasoning,147 mL,"$5.49
 ea.",,$3.73 /100ml,,,https://product-images.metro.ca/images/h10/hca/10456035033118.jpg,https://www.metro.ca/en/online-grocery/search-page-236
AQUAVERTI,Montreal Mix Lettuce,112 g,"$5.99
 ea.",,$5.35 /100g,,,https://product-images.metro.ca/images/h91/haa/11511775002654.jpg,https://www.metro.ca/en/online-grocery/search-page-236
,Lettuce Mix,125 g,"$5.99
 ea.",,$4.79 /100g,,,https://product-images.metro.ca/images/hb5/h0f/11511784669214.jpg,https://www.metro.ca/en/online-grocery/search-page-236
CHAMP LIBRE BRASSERIE & DISTILLERIE,"Farmhouse IPA With Kveik Yeast, Nordicité",473 mL - can,"2 / 
$9.00",,$0.95 /100ml,"Regular price
$5.39  ea.","Valid until Feb 7, 2024",,https://www.metro.ca/en/online-grocery/search-page-236
GUTSY,Ginger And Raspberry Bush Flavoured Organic Pick-Me-...,355 mL,"$3.79
 ea.",,$1.07 /100ml,,,,https://www.metro.ca/en/online-grocery/search-page-236
GUTSY,Cardamom And Rhodiola Flavoured Organic Energy Boost...,355 mL,"$3.79
 ea.",,$1.07 /100ml,,,,https://www.metro.ca/en/online-grocery/search-page-236
GUTSY,Hibiscus And Fennel Flavoured Organic Digestive Komb...,355 mL,"$3.79
 ea.",,$1.07 /100ml,,,,https://www.metro.ca/en/online-grocery/search-page-236
LA FABRIQUE,"Blonde Lager Beer, La Lager",473 mL - can,"$3.99
 ea.",,$0.84 /100ml,,,,https://www.metro.ca/en/online-grocery/search-page-236
LA FABRIQUE,"Stout Beer, The Stout",473 mL - can,"$3.99
 ea.",,$0.84 /100ml,,,,https://www.metro.ca/en/online-grocery/search-page-236
LA FABRIQUE,"Brown Beer, The Brown Ale",473 mL - can,"$3.99
 ea.",,$0.84 /100ml,,,,https://www.metro.ca/en/online-grocery/search-page-236
LA FABRIQUE,White Beer,473 mL - can,"$3.99
 ea.",,$0.84 /100ml,,,https://product-images.metro.ca/images/h08/hf7/10708819509278.jpg,https://www.metro.ca/en/online-grocery/search-page-236
LA FABRIQUE,Strong NEIPA Beer,473 mL - can,"$4.49
 ea.",,$0.95 /100ml,,,https://product-images.metro.ca/images/ha1/hec/10708832976926.jpg,https://www.metro.ca/en/online-grocery/search-page-236
FIT SAUCES,La Fogo Signature Sauce,355 mL,"$10.99
 ea.",,$3.10 /100ml,,,https://www.metro.ca/images/shared/placeholders/icon-no-picture.svg?v=2023.71.1.d1,https://www.metro.ca/en/online-grocery/search-page-236
FIT SAUCES,La Bangkok Signature Sauce,355 mL,"$10.99
 ea.",,$3.10 /100ml,,,https://www.metro.ca/images/shared/placeholders/icon-no-picture.svg?v=2023.71.1.d1,https://www.metro.ca/en/online-grocery/search-page-237
FIT SAUCES,La Mielleuse Signature Sauce,355 mL,"$10.99
 ea.",,$3.10 /100ml,,,https://www.metro.ca/images/shared/placeholders/icon-no-picture.svg?v=2023.71.1.d1,https://www.metro.ca/en/online-grocery/search-page-237
MOMESSO,Pepper & Artichoke Spicy Spread,375 mL,"$9.99
 ea.",,$2.66 /100ml,,,https://www.metro.ca/images/shared/placeholders/icon-no-picture.svg?v=2023.71.1.d1,https://www.metro.ca/en/online-grocery/search-page-237
MOMESSO,Volcano Extra Spicy Spread Tapenade,375 mL,"$7.99
 ea.",,$2.13 /100ml,,,https://www.metro.ca/images/shared/placeholders/icon-no-picture.svg?v=2023.71.1.d1,https://www.metro.ca/en/online-grocery/search-page-237
MOMESSO,Pepper & Artichoke Mild Spread,375 mL,"$9.99
 ea.",,$2.66 /100ml,,,https://www.metro.ca/images/shared/placeholders/icon-no-picture.svg?v=2023.71.1.d1,https://www.metro.ca/en/online-grocery/search-page-237
MOMESSO,Volcano Mild Spicy Spread Tapenade,375 mL,"$7.99
 ea.",,$2.13 /100ml,,,https://www.metro.ca/images/shared/placeholders/icon-no-picture.svg?v=2023.71.1.d1,https://www.metro.ca/en/online-grocery/search-page-237
GUSTA,Seitan Burger To Slice,800 g,"$12.99
 ea.",,$1.62 /100g,,,https://product-images.metro.ca/images/hf2/hae/11477972451358.jpg,https://www.metro.ca/en/online-grocery/search-page-237
GUSTA,Vegan Lentils Creton,200 g,"$4.99
 ea.",,$2.50 /100g,,,https://product-images.metro.ca/images/hcf/h21/11477979791390.jpg,https://www.metro.ca/en/online-grocery/search-page-237
ST-VIATEUR BAGEL,Blueberry Bagels,570 g,"$8.49
 ea.",,$1.49 /100g,,,https://www.metro.ca/images/shared/placeholders/icon-no-picture.svg?v=2023.71.1.d1,https://www.metro.ca/en/online-grocery/search-page-237
GUSTA,Plant-Based Chickenless Nuggets,200 g,"$4.49
 ea.",,$2.25 /100g,"Regular price
$5.49  ea.","Valid until Jan 17, 2024",https://product-images.metro.ca/images/h42/he2/12192231391262.jpg,https://www.metro.ca/en/online-grocery/search-page-237
GUSTA,Plant-Based Beefless Strips,200 g,"$4.49
 ea.",,$2.25 /100g,"Regular price
$5.49  ea.","Valid until Jan 17, 2024",https://product-images.metro.ca/images/h8e/h45/12192236765214.jpg,https://www.metro.ca/en/online-grocery/search-page-237
GUSTA,Plant-Based No-Chicken Spread,240 g,"$4.49
 ea.",,$1.87 /100g,"Regular price
$5.49  ea.","Valid until Jan 17, 2024",https://product-images.metro.ca/images/h40/h68/11320031477790.jpg,https://www.metro.ca/en/online-grocery/search-page-237
GUSTA,Plant-Based Shredded Cheddar Style,200 g,"$4.99
 ea.",,$2.50 /100g,,,https://product-images.metro.ca/images/he0/hdd/12192236503070.jpg,https://www.metro.ca/en/online-grocery/search-page-237
GUSTA,Plant-Based Fish Free Tuna,260 g,"$4.49
 ea.",,$1.73 /100g,"Regular price
$5.49  ea.","Valid until Jan 17, 2024",https://product-images.metro.ca/images/hc6/h38/11304186347550.jpg,https://www.metro.ca/en/online-grocery/search-page-237
GUSTA,Plant-Based No-Chicken Strips,200 g,"$4.49
 ea.",,$2.25 /100g,"Regular price
$5.49  ea.","Valid until Jan 17, 2024",https://product-images.metro.ca/images/h47/hc8/11320032034846.jpg,https://www.metro.ca/en/online-grocery/search-page-237
GUSTA,Plant-Based General Tao,240 g,"$4.49
 ea.",,$1.87 /100g,"Regular price
$5.49  ea.","Valid until Jan 17, 2024",https://product-images.metro.ca/images/h0a/h81/12192234569758.jpg,https://www.metro.ca/en/online-grocery/search-page-237
GUSTA,Plant-Based Shredded Mozzarella Style,200 g,"$4.99
 ea.",,$2.50 /100g,,,https://product-images.metro.ca/images/hbe/h9b/12192236306462.jpg,https://www.metro.ca/en/online-grocery/search-page-237
,Organic Local Yellow Onion,2 lb,"$3.99
 ea.",,$0.44 /100lb.,,,https://www.metro.ca/images/shared/placeholders/icon-no-picture.svg?v=2023.71.1.d1,https://www.metro.ca/en/online-grocery/search-page-237
MARCANGELO,3 Meats European Charcuterie,100 g,"$6.99
 ea.",,$6.99 /100g,,,https://product-images.metro.ca/images/h00/h27/9652029259806.jpg,https://www.metro.ca/en/online-grocery/search-page-237
FLOW,Organic Blackberry And Hibiscus Flavoured Alkaline S...,500 mL,"3 / 
$5.00",,$0.33 /100ml,"Regular price
$1.99  ea.","Valid until Feb 7, 2024",,https://www.metro.ca/en/online-grocery/search-page-237
OSHLAG,Labrador Tea Infused White Beer,473 mL - can,"$3.79
 ea.",,$0.80 /100ml,,,https://product-images.metro.ca/images/hbf/hc8/10184256913438.jpg,https://www.metro.ca/en/online-grocery/search-page-237
OSHLAG,"Coffe Infused Ale Beer, Stout Blanc",473 mL - can,"$3.79
 ea.",,$0.80 /100ml,,,,https://www.metro.ca/en/online-grocery/search-page-237
MANDY'S,Honey And Dijon Mustard Dressing,250 mL,"$8.99
 ea.",,$3.60 /100ml,"Regular price
$9.99  ea.","Valid until Jan 24, 2024",https://product-images.metro.ca/images/he5/hca/11641405374494.jpg,https://www.metro.ca/en/online-grocery/search-page-237
MANDY'S,Balsamic Dressing,250 mL,"$8.99
 ea.",,$3.60 /100ml,"Regular price
$9.99  ea.","Valid until Jan 24, 2024",https://product-images.metro.ca/images/he2/h53/11641407242270.jpg,https://www.metro.ca/en/online-grocery/search-page-237
MANDY'S,Tamari Dressing,250 mL,"$8.99
 ea.",,$3.60 /100ml,"Regular price
$9.99  ea.","Valid until Jan 24, 2024",https://product-images.metro.ca/images/h4e/h9e/11641408389150.jpg,https://www.metro.ca/en/online-grocery/search-page-237
MANDY'S,Sesame Dressing,250 mL,"$8.99
 ea.",,$3.60 /100ml,"Regular price
$9.99  ea.","Valid until Jan 24, 2024",https://product-images.metro.ca/images/hdd/h9b/11641406488606.jpg,https://www.metro.ca/en/online-grocery/search-page-237
OSHLAG,Strong NEIPA Beer,473 mL - can,"$3.79
 ea.",,$0.80 /100ml,,,https://product-images.metro.ca/images/h42/hfa/10268387868702.jpg,https://www.metro.ca/en/online-grocery/search-page-237
OSHLAG,"Oak Infused Amber Ale Beer, Rousse",473 mL - can,"$3.79
 ea.",,$0.80 /100ml,,,,https://www.metro.ca/en/online-grocery/search-page-237
AU PIED DE COCHON,Maple Flavoured BBQ Sauce,345 mL,"$10.99
 ea.",,$3.19 /100ml,,,https://product-images.metro.ca/images/h53/h3f/10323659685918.jpg,https://www.metro.ca/en/online-grocery/search-page-237
JOE BEEF,Reserve Jerk Sauce,340 mL,"$10.49
 ea.",,$3.09 /100ml,,,https://product-images.metro.ca/images/h0b/h5b/10278466289694.jpg,https://www.metro.ca/en/online-grocery/search-page-238
OCÉAN DE SAVEURS,Organic Atlantic Wakame Flakes,30 g,"$12.99
 ea.",,$43.30 /100g,"Regular price
$14.99  ea.","Valid until Jan 17, 2024",https://product-images.metro.ca/images/h2c/h55/12066656911390.jpg,https://www.metro.ca/en/online-grocery/search-page-238
AMIRAL BREWERY,Strong IPA Beer,473 mL - can,"$4.99
 ea.",,$1.05 /100ml,,,https://product-images.metro.ca/images/he2/h61/10244318396446.jpg,https://www.metro.ca/en/online-grocery/search-page-238
AMIRAL BREWERY,Pilsner Beer,473 mL - can,"$4.99
 ea.",,$1.05 /100ml,,,https://product-images.metro.ca/images/h94/ha4/10190568882206.jpg,https://www.metro.ca/en/online-grocery/search-page-238
VIGNOBLE LANO D'OR,"Quebec Rosé Wine, Nao",750 mL,"$16.59
 ea.",,$2.21 /100ml,,,,https://www.metro.ca/en/online-grocery/search-page-238
VIGNOBLE LANO D'OR,Quebec White Wine,750 mL,"$18.29
 ea.",,$2.44 /100ml,,,https://product-images.metro.ca/images/hc9/hcc/10246212354078.jpg,https://www.metro.ca/en/online-grocery/search-page-238
DOMAINE ST-BASILE,Quebec White Wine,750 mL,"$12.99
 ea.",,$1.73 /100ml,,,https://product-images.metro.ca/images/ha8/h12/10246408699934.jpg,https://www.metro.ca/en/online-grocery/search-page-238
LA MORIN,Hot Mustard Dress,350 mL,"$6.79
 ea.",,$1.94 /100ml,,,https://product-images.metro.ca/images/hb3/hed/10777143672862.jpg,https://www.metro.ca/en/online-grocery/search-page-238
LA MORIN,Old Fashioned Beer Mustard,225 L,"$6.79
 ea.",,$3.02 /100ml,,,https://product-images.metro.ca/images/h79/hc9/11374964572190.jpg,https://www.metro.ca/en/online-grocery/search-page-238
AMIRAL BREWERY,NEIPA Beer,473 mL - can,"$4.99
 ea.",,$1.05 /100ml,,,https://product-images.metro.ca/images/h0c/hdd/10265099894814.jpg,https://www.metro.ca/en/online-grocery/search-page-238
AMIRAL BREWERY,Strong Rum Ale Beer,473 mL - can,"$4.99
 ea.",,$1.05 /100ml,,,https://product-images.metro.ca/images/hd1/h6f/10265102549022.jpg,https://www.metro.ca/en/online-grocery/search-page-238
AMIRAL BREWERY,Strong Gin IPA Beer,473 mL - can,"$4.99
 ea.",,$1.05 /100ml,,,https://product-images.metro.ca/images/h0a/hfd/10265101762590.jpg,https://www.metro.ca/en/online-grocery/search-page-238
AU PIED DE COCHON,Classic Relish,320 mL,"$10.99
 ea.",,$3.43 /100ml,,,https://www.metro.ca/images/shared/placeholders/icon-no-picture.svg?v=2023.71.1.d1,https://www.metro.ca/en/online-grocery/search-page-238
AU PIED DE COCHON,Corn Relish,320 mL,"$10.99
 ea.",,$3.43 /100ml,,,https://www.metro.ca/images/shared/placeholders/icon-no-picture.svg?v=2023.71.1.d1,https://www.metro.ca/en/online-grocery/search-page-238
,Blue Oyster Mushroom Home Kit,1 un,"$19.99
 ea.",,$19.99 /un.,,,https://www.metro.ca/images/shared/placeholders/icon-no-picture.svg?v=2023.71.1.d1,https://www.metro.ca/en/online-grocery/search-page-238
,White Oyster Mushroom Home Kit,1 un,"$19.99
 ea.",,$19.99 /un.,,,https://www.metro.ca/images/shared/placeholders/icon-no-picture.svg?v=2023.71.1.d1,https://www.metro.ca/en/online-grocery/search-page-238
DIC ANN'S,Gnocchi Poutine,850 g,"$13.99
 ea.",,$1.65 /100g,"Regular price
$14.99  ea.","Valid until Jan 17, 2024",https://product-images.metro.ca/images/h59/h4c/10845304815646.jpg,https://www.metro.ca/en/online-grocery/search-page-238
DIC ANN'S,Spicy Mayonnaise,500 mL,"$5.99
 ea.",,$1.20 /100ml,"Regular price
$6.99  ea.","Valid until Jan 24, 2024",https://product-images.metro.ca/images/h95/h23/11583473385502.jpg,https://www.metro.ca/en/online-grocery/search-page-238
DIC ANN'S,Chipotle Spicy Mayonnaise,500 mL,"$5.99
 ea.",,$1.20 /100ml,"Regular price
$6.99  ea.","Valid until Jan 24, 2024",https://product-images.metro.ca/images/hd2/h2f/11583472893982.jpg,https://www.metro.ca/en/online-grocery/search-page-238
FIT SAUCES,La Ninja Signature Sauce,355 mL,"$10.99
 ea.",,$3.10 /100ml,,,https://www.metro.ca/images/shared/placeholders/icon-no-picture.svg?v=2023.71.1.d1,https://www.metro.ca/en/online-grocery/search-page-238
FIT SAUCES,La Patriote Bbq Sauce,355 mL,"$10.99
 ea.",,$3.10 /100ml,,,https://www.metro.ca/images/shared/placeholders/icon-no-picture.svg?v=2023.71.1.d1,https://www.metro.ca/en/online-grocery/search-page-238
SOYKEI,Silken Organic Tofu,500 g,"$2.79
 ea.",,$0.56 /100g,"Regular price
$3.49  ea.","Valid until Jan 17, 2024",https://product-images.metro.ca/images/h59/h53/11583203442718.jpg,https://www.metro.ca/en/online-grocery/search-page-238
SOYKEI,Extra Firm Organic Tofu,350 g,"2 / 
$7.00",,$1.00 /100g,"Regular price
$3.99  ea.","Valid until Jan 17, 2024",https://product-images.metro.ca/images/ha5/h2d/11583202852894.jpg,https://www.metro.ca/en/online-grocery/search-page-238
SOYKEI,Firm Organic Tofu,400 g,"2 / 
$7.00",,$0.88 /100g,"Regular price
$3.99  ea.","Valid until Jan 17, 2024",https://product-images.metro.ca/images/h3d/hb4/11583200821278.jpg,https://www.metro.ca/en/online-grocery/search-page-238
GUSTA,"Seitan Sausages, Smoked Spices",350 g,"$7.49
 ea.",,$2.14 /100g,"Regular price
$7.99  ea.","Valid until Jan 17, 2024",,https://www.metro.ca/en/online-grocery/search-page-238
ARTISAN VEGAN BURGERS,Frozen Quinoa And Chickpea Vegan Burgers,400 g,"$7.99
 ea.",,$2.00 /100g,,,https://product-images.metro.ca/images/h39/hc4/12050751258654.jpg,https://www.metro.ca/en/online-grocery/search-page-238
ARTISAN VEGAN BURGERS,Lentil & Walnut Vegan Burgers,400 g,"$7.99
 ea.",,$2.00 /100g,,,https://product-images.metro.ca/images/h60/hc9/12050751062046.jpg,https://www.metro.ca/en/online-grocery/search-page-238
GUSTA,"Seitan Sausages, Smoked Paprika",350 g,"$7.49
 ea.",,$2.14 /100g,"Regular price
$7.99  ea.","Valid until Jan 17, 2024",,https://www.metro.ca/en/online-grocery/search-page-238
GUSTA,"Seitan Sausages, Italiana",350 g,"$7.49
 ea.",,$2.14 /100g,"Regular price
$7.99  ea.","Valid until Jan 17, 2024",,https://www.metro.ca/en/online-grocery/search-page-238
CHUCK HUGHES,Mild Antipasto,375 mL,"$5.99
 ea.",,$1.60 /100ml,"Regular price
$6.99  ea.","Valid until Jan 24, 2024",https://product-images.metro.ca/images/h67/h9a/12050938724382.jpg,https://www.metro.ca/en/online-grocery/search-page-238
L'ESPACE PUBLIC,"Strong Hoppy Sour Beer, Bière De Ruelle",355 mL - can,"$3.69
 ea.",,$1.04 /100ml,,,,https://www.metro.ca/en/online-grocery/search-page-239
L'ESPACE PUBLIC,"Sour Blonde Beer, Bière De Coin D'Rue",355 mL - can,"$3.79
 ea.",,$1.07 /100ml,,,,https://www.metro.ca/en/online-grocery/search-page-239
CHUCK HUGHES,Hot Pepper Spread,375 mL,"$6.99
 ea.",,$1.86 /100ml,"Regular price
$7.79  ea.","Valid until Jan 24, 2024",https://product-images.metro.ca/images/h6d/h36/12050939478046.jpg,https://www.metro.ca/en/online-grocery/search-page-239
TOURNEVENT,Organic Unrefined Flax Oil,500 mL,"$14.99
 ea.",,$3.00 /100ml,,,https://product-images.metro.ca/images/h5c/h58/9996468879390.jpg,https://www.metro.ca/en/online-grocery/search-page-239
TOURNEVENT,Organic Camelina Oil,500 mL,"$19.99
 ea.",,$4.00 /100ml,,,https://product-images.metro.ca/images/had/h75/10095430631454.jpg,https://www.metro.ca/en/online-grocery/search-page-239
LA PIMENTERIE,Apple And Chipotle Flavoured Hot Sauce,148 mL,"$10.99
 ea.",,$7.43 /100ml,,,https://product-images.metro.ca/images/hee/hcb/9442971680798.jpg,https://www.metro.ca/en/online-grocery/search-page-239
LA PIMENTERIE,Curry And Coconut Flavoured Hot Sauce,148 mL,"$10.99
 ea.",,$7.43 /100ml,,,https://product-images.metro.ca/images/ha5/hee/9442964537374.jpg,https://www.metro.ca/en/online-grocery/search-page-239
MICROBRASSERIE L'ESPACE PUBLIC,"Raspberry Sour Beer, Bière De Balcon",355 mL - can,"$3.79
 ea.",,$1.07 /100ml,,,,https://www.metro.ca/en/online-grocery/search-page-239
TOURNEVENT,Organic Golden Flax Seeds,400 g,"$6.99
 ea.",,$1.75 /100g,,,https://product-images.metro.ca/images/h43/hc5/10246183387166.jpg,https://www.metro.ca/en/online-grocery/search-page-239
TOURNEVENT,Organic Shelled Hemp Seeds,250 g,"$12.99
 ea.",,$5.20 /100g,,,https://product-images.metro.ca/images/h4d/hcd/10244385177630.jpg,https://www.metro.ca/en/online-grocery/search-page-239
MAGPIE,Margherita Pizza,440 g,"$14.99
 ea.",,$3.41 /100g,,,https://product-images.metro.ca/images/h59/h7b/11735400284190.jpg,https://www.metro.ca/en/online-grocery/search-page-239
MAGPIE,Three Cheeses Pizza,540 g,"$14.99
 ea.",,$2.78 /100g,,,https://product-images.metro.ca/images/hde/hae/11735344414750.jpg,https://www.metro.ca/en/online-grocery/search-page-239
MAPLE 3,Peach And Mango Flavoured Organic Sparkling Maple Water,4x355 mL,"$10.99
 ea.",,$0.77 /100ml,,,https://product-images.metro.ca/images/h9d/h19/11090247843870.jpg,https://www.metro.ca/en/online-grocery/search-page-239
MAPLE 3,Lime Flavoured Organic Sparkling Maple Water,4x355 mL,"$10.99
 ea.",,$0.77 /100ml,,,https://product-images.metro.ca/images/h77/h54/11090524045342.jpg,https://www.metro.ca/en/online-grocery/search-page-239
MAPLE 3,Original Organic Sparkling Maple Water,4x355 mL,"$10.99
 ea.",,$0.77 /100ml,,,https://product-images.metro.ca/images/h3b/hc5/11090184208414.jpg,https://www.metro.ca/en/online-grocery/search-page-239
MAGPIE,Frozen Pesto Artisanal Pizza,520 g,"$14.99
 ea.",,$2.88 /100g,,,https://product-images.metro.ca/images/h5d/ha2/11931065450526.jpg,https://www.metro.ca/en/online-grocery/search-page-239
CIDRERIE PETIT & FILS,"Carbonated Crackling Cider, Le Petit St Hil",4x355 mL,"$9.99
 ea.",,$0.70 /100ml,"Regular price
$12.99  ea.","Valid until Feb 7, 2024",,https://www.metro.ca/en/online-grocery/search-page-239
RABASKA,Quebec Sparkling Cider,4x355 mL - cans,"$12.99
 ea.",,$3.66 /100ml,,,https://product-images.metro.ca/images/hca/h8d/10170673725470.jpg,https://www.metro.ca/en/online-grocery/search-page-239
RABASKA,Rosé Sparkle Cider,4x355 mL - bottles,"$12.99
 ea.",,$3.66 /100ml,,,https://www.metro.ca/images/shared/placeholders/icon-no-picture.svg?v=2023.71.1.d1,https://www.metro.ca/en/online-grocery/search-page-239
1642,Ginger Beer,4x275 mL - bottles,"$8.99
 ea.",,$3.27 /100ml,"Regular price
$9.99  ea.","Valid until Jan 24, 2024",https://product-images.metro.ca/images/h67/h30/9508978589726.jpg,https://www.metro.ca/en/online-grocery/search-page-239
1642,Elderflower Tonic Water,4x275 mL,"$8.99
 ea.",,$3.27 /100ml,"Regular price
$9.99  ea.","Valid until Jan 24, 2024",https://product-images.metro.ca/images/h79/hde/9927964426270.jpg,https://www.metro.ca/en/online-grocery/search-page-239
OATBOX,Organic Strawberry And Blueberry Flavoured Overnight...,280 g,"$6.49
 ea.",,$2.36 /100g,,,,https://www.metro.ca/en/online-grocery/search-page-239
1642,Yuzu Flavoured Tonic Water,750 mL,"$6.99
 ea.",,$0.93 /100ml,,,https://product-images.metro.ca/images/h9e/hd6/11117428637726.jpg,https://www.metro.ca/en/online-grocery/search-page-239
1642,Ginger Beer,750 mL,"$6.99
 ea.",,$0.93 /100ml,,,https://product-images.metro.ca/images/h94/hd8/10020979867678.jpg,https://www.metro.ca/en/online-grocery/search-page-239
1642,Tonic Water,750 mL,"$6.99
 ea.",,$0.93 /100ml,,,https://product-images.metro.ca/images/hcf/h8b/10020891459614.jpg,https://www.metro.ca/en/online-grocery/search-page-239
OATBOX,Organic Almond Butter And Blueberry Flavoured Granola,640 g,"$12.49
 ea.",,$1.95 /100g,,,https://product-images.metro.ca/images/he7/h05/10845391683614.jpg,https://www.metro.ca/en/online-grocery/search-page-239
1642,Cucumber Flavoured Tonic,4x275 mL,"$8.99
 ea.",,$3.27 /100ml,"Regular price
$9.99  ea.","Valid until Jan 24, 2024",https://product-images.metro.ca/images/h7b/h0a/11237138432030.jpg,https://www.metro.ca/en/online-grocery/search-page-239
BRASSERIE LES 2 FRÈRES,"NEIPA Beer, Hickson",473 mL - can,"$4.49
 ea.",,$0.95 /100ml,,,,https://www.metro.ca/en/online-grocery/search-page-239
BRASSERIE LES 2 FRÈRES,"Belgian-Style White Beer, Charles Henri",473 mL - can,"$3.49
 ea.",,$0.74 /100ml,,,,https://www.metro.ca/en/online-grocery/search-page-239
OCTANE 7.0,Original Flavour Alcoholic Malt Beverage,355 mL,"$3.29
 ea.",,$0.93 /100ml,,,https://product-images.metro.ca/images/h8a/h3f/9675429085214.jpg,https://www.metro.ca/en/online-grocery/search-page-239
ANTHOS,Greek Red Wine,750 mL,"$15.49
 ea.",,$2.07 /100ml,"Regular price
$17.79  ea.","Valid until Feb 7, 2024",https://product-images.metro.ca/images/h8b/h61/9742731706398.jpg,https://www.metro.ca/en/online-grocery/search-page-240
ANTHOS,Greek White Wine,750 mL,"$15.49
 ea.",,$2.07 /100ml,"Regular price
$17.79  ea.","Valid until Feb 7, 2024",https://product-images.metro.ca/images/h46/h63/9742761656350.jpg,https://www.metro.ca/en/online-grocery/search-page-240
OCTANE7.0,Frost™ Flavoured Alcoholic Energy Drink With Guarana,355 mL - can,"$3.29
 ea.",,$0.86 /100kg,,,https://product-images.metro.ca/images/h2c/hab/10095866249246.jpg,https://www.metro.ca/en/online-grocery/search-page-240
OCTANE7.0,Sour Melon Flavoured Guarana Alcoholic Drink,355 mL,"$3.29
 ea.",,$0.93 /100ml,,,https://product-images.metro.ca/images/h84/hfe/10323052167198.jpg,https://www.metro.ca/en/online-grocery/search-page-240
BRASSERIE LES 2 FRÈRES,Non-Alcoholic Milkshake IPA Beer,473 mL,"$4.59
 ea.",,$0.97 /100ml,,,https://product-images.metro.ca/images/h64/h9e/10372790190110.jpg,https://www.metro.ca/en/online-grocery/search-page-240
FIREBARNS,Bloody Caesar Original Alcoholic Drink,4x355 mL,"$13.99
 ea.",,$0.99 /100ml,"Regular price
$14.99  ea.","Valid until Feb 7, 2024",https://product-images.metro.ca/images/h3a/hbb/11685326422046.jpg,https://www.metro.ca/en/online-grocery/search-page-240
MOTHER RAW,Organic Caesar Dressing,242 mL,"$5.99
 ea.",,$2.48 /100ml,,,https://product-images.metro.ca/images/h90/h82/12191786827806.jpg,https://www.metro.ca/en/online-grocery/search-page-240
MOTHER RAW,Organic Greek Dressing,242 mL,"$5.99
 ea.",,$2.48 /100ml,,,https://product-images.metro.ca/images/h6d/hf5/11735147216926.jpg,https://www.metro.ca/en/online-grocery/search-page-240
CHUCK HUGHES,Mild Pepper Spread,375 mL,"$6.99
 ea.",,$1.86 /100ml,"Regular price
$7.79  ea.","Valid until Jan 24, 2024",https://product-images.metro.ca/images/h4a/h7b/12050936692766.jpg,https://www.metro.ca/en/online-grocery/search-page-240
CHUCK HUGHES,Mild Sun-Dried Tomatoes,375 mL,"$6.99
 ea.",,$1.86 /100ml,"Regular price
$7.79  ea.","Valid until Jan 24, 2024",https://product-images.metro.ca/images/h99/he8/12191903711262.jpg,https://www.metro.ca/en/online-grocery/search-page-240
CHUCK HUGHES,Spicy Eggplant Antipasto,375 mL,"$5.99
 ea.",,$1.60 /100ml,"Regular price
$6.99  ea.","Valid until Jan 24, 2024",https://product-images.metro.ca/images/h49/hfc/12191857442846.jpg,https://www.metro.ca/en/online-grocery/search-page-240
GURU,Matcha Flavoured Organic Energy Drink,355 mL,"$3.49
 ea.",,$0.01 /ml,,,https://product-images.metro.ca/images/h12/haf/9534682759198.jpg,https://www.metro.ca/en/online-grocery/search-page-240
BRASSERIE DIEU DU CIEL!,"IPA Beer, Moralité",473 mL - can,"$4.29
 ea.",,$0.91 /100ml,,,,https://www.metro.ca/en/online-grocery/search-page-240
BRASSERIE DIEU DU CIEL!,"Hibiscus White Beer, Rosée D'Hibiscus",473 mL - can,"$4.29
 ea.",,$0.91 /100ml,,,,https://www.metro.ca/en/online-grocery/search-page-240
BRASSERIE DIEU DU CIEL!,"Kölsch-Inspired Blonde Beer, Sentinelle",473 mL - can,"$4.09
 ea.",,$0.86 /100ml,,,,https://www.metro.ca/en/online-grocery/search-page-240
BRASSERIE DIEU DU CIEL!,"ESB Beer, Voyage Des Brumes",473 mL - can,"$4.09
 ea.",,$0.86 /100ml,,,,https://www.metro.ca/en/online-grocery/search-page-240
GURU,Yerba Mate Flavoured Organic Energy Drink,355 mL,"$3.49
 ea.",,$0.01 /ml,,,https://product-images.metro.ca/images/hed/h8d/9877681471518.jpg,https://www.metro.ca/en/online-grocery/search-page-240
GURU,Tropical Punch Flavoured Organic Energy Drink,355 mL,"$3.49
 ea.",,$0.98 /100ml,,,https://product-images.metro.ca/images/h87/h4e/10472029782046.jpg,https://www.metro.ca/en/online-grocery/search-page-240
CLOÉ & TIFFANY,"Canadian White Wine, Souvenirs",750 mL,"$11.99
 ea.",,$1.60 /100ml,"Regular price
$13.99  ea.","Valid until Feb 7, 2024",,https://www.metro.ca/en/online-grocery/search-page-240
SOUVENIRS,"Canadian Red Wine, Alice & Ulysse",750 mL,"$11.99
 ea.",,$1.60 /100ml,"Regular price
$13.99  ea.","Valid until Feb 7, 2024",,https://www.metro.ca/en/online-grocery/search-page-240
PLAN BIO,Organic Spanish White Wine,750 mL,"$13.49
 ea.",,$1.80 /100ml,"Regular price
$15.49  ea.","Valid until Feb 7, 2024",https://product-images.metro.ca/images/hdf/hf6/10950341820446.jpg,https://www.metro.ca/en/online-grocery/search-page-240
MATILDE VICENZI,Gluten Free Vicenzovo Cookie,125 g,"$7.99
 ea.",,$6.39 /100g,,,https://www.metro.ca/images/shared/placeholders/icon-no-picture.svg?v=2023.71.1.d1,https://www.metro.ca/en/online-grocery/search-page-240
SOUVENIRS,"Canadian Rosé Wine, Max & Louise",750 ml,"$11.99
 ea.",,$1.60 /100ml,"Regular price
$13.99  ea.","Valid until Feb 7, 2024",,https://www.metro.ca/en/online-grocery/search-page-240
MANITOBA HARVEST,"Blueberry Organic Granola, Hemp Yeah!",283 g,"$9.49
 ea.",,$3.35 /100g,,,,https://www.metro.ca/en/online-grocery/search-page-240
MANITOBA HARVEST,"Organic Dark Chocolate Granola, Hemp Yeah!",283 g,"$9.49
 ea.",,$3.35 /100g,,,,https://www.metro.ca/en/online-grocery/search-page-240
,Trio Cherry Tomatoes,200 g,"$4.99
 ea.",,$2.50 /100g,,,https://product-images.metro.ca/images/h32/h5e/11493125783582.jpg,https://www.metro.ca/en/online-grocery/search-page-240
CARBONAUT,Gluten Free Frozen Multigrain Bread,550 g,"$11.29
 ea.",,$2.05 /100g,,,https://product-images.metro.ca/images/hc6/h61/12084011728926.jpg,https://www.metro.ca/en/online-grocery/search-page-240
MANITOBA HARVEST,Cold Pressed Hemp Culinary Oil,500 mL,"$15.49
 ea.",,$3.10 /100ml,,,https://product-images.metro.ca/images/h47/h5d/11826062458910.jpg,https://www.metro.ca/en/online-grocery/search-page-240
,Small Italian Tomatoes,681 g,"$7.99
 ea.",,$1.17 /100g,,,https://product-images.metro.ca/images/hb2/hed/11503832760350.jpg,https://www.metro.ca/en/online-grocery/search-page-240
BLAZE,White Vinegar Glaze,215 mL,"$11.99
 ea.",,$5.58 /100ml,,,https://product-images.metro.ca/images/h0a/hca/11386290470942.jpg,https://www.metro.ca/en/online-grocery/search-page-240
HOT-KID,Tomato And Basil Flavoured Gluten Free Rice Crackers,100 g,"$3.99
 ea.",,$3.99 /100g,,,https://product-images.metro.ca/images/h40/hd0/9459952877598.jpg,https://www.metro.ca/en/online-grocery/search-page-241
BLAZE,Fig And Balsamic Vinegar Glaze,215 mL,"$11.99
 ea.",,$5.58 /100ml,,,https://product-images.metro.ca/images/hcc/hf5/11386323468318.jpg,https://www.metro.ca/en/online-grocery/search-page-241
BLAZE,Raspberry Flavoured Balsamic Vinegar,215 mL,"$11.99
 ea.",,$5.58 /100ml,,,https://product-images.metro.ca/images/hf4/h69/11401497870366.jpg,https://www.metro.ca/en/online-grocery/search-page-241
BRASSERIE DIEU DU CIEL!,"Belgian-Style White Beer, Blanche Du Paradis",473 mL - can,"$4.09
 ea.",,$0.86 /100ml,,,,https://www.metro.ca/en/online-grocery/search-page-241
MYSTIQUE,Organic Equit-Espresso Coffee Beans,454 g,"$14.99
 ea.",,$3.30 /100g,"Regular price
$16.49  ea.","Valid until Feb 7, 2024",https://product-images.metro.ca/images/h67/h27/10020683710494.jpg,https://www.metro.ca/en/online-grocery/search-page-241
PASSION D'ÉPICES,Sumac,60 g,"$5.99
 ea.",,$9.98 /100g,,,https://product-images.metro.ca/images/h4d/h62/11251066404894.jpg,https://www.metro.ca/en/online-grocery/search-page-241
PASSION D'ÉPICES,Jordanian Zaatar Seasoning,50 g,"$5.99
 ea.",,$11.98 /100g,,,https://product-images.metro.ca/images/h2e/h7e/11251057131550.jpg,https://www.metro.ca/en/online-grocery/search-page-241
PASSION D'ÉPICES,Thai Seven Spice Blend,50 g,"$5.99
 ea.",,$11.98 /100g,,,https://product-images.metro.ca/images/hd1/h61/11251034783774.jpg,https://www.metro.ca/en/online-grocery/search-page-241
PASSION D'ÉPICES,Italian Herb Blend,15 g,"$5.99
 ea.",,$39.93 /100g,,,https://product-images.metro.ca/images/h0c/h27/11251036389406.jpg,https://www.metro.ca/en/online-grocery/search-page-241
PASSION D'ÉPICES,Madras Curry Indian Seasoning,50 g,"$5.99
 ea.",,$11.98 /100g,,,https://product-images.metro.ca/images/h13/h0d/11251062767646.jpg,https://www.metro.ca/en/online-grocery/search-page-241
PASSION D'ÉPICES,Butter Chicken Indian Seasoning,50 g,"$5.99
 ea.",,$11.98 /100g,,,https://product-images.metro.ca/images/h54/h64/11251049594910.jpg,https://www.metro.ca/en/online-grocery/search-page-241
PASSION D'ÉPICES,"Parsley, Garlic, And Shallot Parsallot Blend",12 g,"$5.99
 ea.",,$49.92 /100g,,,https://product-images.metro.ca/images/h3e/h6e/11251060670494.jpg,https://www.metro.ca/en/online-grocery/search-page-241
PASSION D'ÉPICES,Sriracha Hot Seasoning,50 g,"$5.99
 ea.",,$11.98 /100g,,,https://product-images.metro.ca/images/h66/h6f/11251051593758.jpg,https://www.metro.ca/en/online-grocery/search-page-241
PASSION D'ÉPICES,Asian Fusion Seasoning,50 g,"$5.99
 ea.",,$11.98 /100g,,,https://product-images.metro.ca/images/h50/hee/11251047727134.jpg,https://www.metro.ca/en/online-grocery/search-page-241
PASSION D'ÉPICES,Pork And Ribs Seasoning,60 g,"$5.99
 ea.",,$9.98 /100g,,,https://product-images.metro.ca/images/h1a/h7d/11251066470430.jpg,https://www.metro.ca/en/online-grocery/search-page-241
PASSION D'ÉPICES,Chili Lime Dip Seasoning,50 g,"$5.99
 ea.",,$11.98 /100g,,,https://product-images.metro.ca/images/hbc/h81/11251042058270.jpg,https://www.metro.ca/en/online-grocery/search-page-241
PASSION D'ÉPICES,Herbs Of Provence Blend,20 g,"$5.99
 ea.",,$29.95 /100g,,,https://product-images.metro.ca/images/h50/h8c/11251055329310.jpg,https://www.metro.ca/en/online-grocery/search-page-241
PASSION D'ÉPICES,Smoked Bbq Seasoning,40 g,"$5.99
 ea.",,$14.98 /100g,,,https://product-images.metro.ca/images/h45/he9/11251059064862.jpg,https://www.metro.ca/en/online-grocery/search-page-241
PASSION D'ÉPICES,Applewood Smoked Himalayan Salt,120 g,"$5.99
 ea.",,$4.99 /100g,,,https://product-images.metro.ca/images/he4/h55/11251038584862.jpg,https://www.metro.ca/en/online-grocery/search-page-241
PASSION D'ÉPICES,Royal Salmon Seasoning,50 g,"$5.99
 ea.",,$11.98 /100g,,,https://product-images.metro.ca/images/h18/h1b/11251060932638.jpg,https://www.metro.ca/en/online-grocery/search-page-241
PASSION D'ÉPICES,Smoked Spanish Paprika,50 g,"$5.99
 ea.",,$11.98 /100g,,,https://product-images.metro.ca/images/h1d/hf6/11251064569886.jpg,https://www.metro.ca/en/online-grocery/search-page-241
PASSION D'ÉPICES,Roasted Garlic And Sun-Dried Tomato Dip Seasoning,60 g,"$5.99
 ea.",,$9.98 /100g,,,https://www.metro.ca/images/shared/placeholders/icon-no-picture.svg?v=2023.71.1.d1,https://www.metro.ca/en/online-grocery/search-page-241
PASSION D'ÉPICES,Maple And Pepper Quebecer Seasoning,65 g,"$5.99
 ea.",,$9.22 /100g,,,https://product-images.metro.ca/images/h81/h00/11251045957662.jpg,https://www.metro.ca/en/online-grocery/search-page-241
PASSION D'ÉPICES,Star Anise,25 g,"$5.99
 ea.",,$23.96 /100g,,,https://product-images.metro.ca/images/h37/hcf/11251051429918.jpg,https://www.metro.ca/en/online-grocery/search-page-241
PASSION D'ÉPICES,Ground Cayenne Pepper,40 g,"$5.99
 ea.",,$14.98 /100g,,,https://product-images.metro.ca/images/h18/he8/11251062734878.jpg,https://www.metro.ca/en/online-grocery/search-page-241
PASSION D'ÉPICES,Fish And Tartare Fresh Seasoning,25 g,"$5.99
 ea.",,$23.96 /100g,,,https://product-images.metro.ca/images/h8a/h8b/11251049168926.jpg,https://www.metro.ca/en/online-grocery/search-page-241
PASSION D'ÉPICES,Greek Herb Blend,20 g,"$5.99
 ea.",,$29.95 /100g,,,https://product-images.metro.ca/images/hcd/h2d/11267580559390.jpg,https://www.metro.ca/en/online-grocery/search-page-241
PASSION D'ÉPICES,Royal Steak Seasoning,50 g,"$5.99
 ea.",,$11.98 /100g,,,https://product-images.metro.ca/images/hdf/h78/11251040419870.jpg,https://www.metro.ca/en/online-grocery/search-page-241
PASSION D'ÉPICES,Smoky Chipotle Dip Seasoning,50 g,"$5.99
 ea.",,$11.98 /100g,,,https://product-images.metro.ca/images/had/hf5/11251045924894.jpg,https://www.metro.ca/en/online-grocery/search-page-241
PASSION D'ÉPICES,Guacamole Dip Seasoning,30 g,"$5.99
 ea.",,$19.97 /100g,,,https://product-images.metro.ca/images/h31/hf5/11251055263774.jpg,https://www.metro.ca/en/online-grocery/search-page-241
PASSION D'ÉPICES,Tuscan Infusion Dip Seasoning,50 g,"$5.99
 ea.",,$19.97 /100g,,,https://product-images.metro.ca/images/h55/h8a/11251057164318.jpg,https://www.metro.ca/en/online-grocery/search-page-242
PASSION D'ÉPICES,Ground Turmeric,50 g,"$5.99
 ea.",,$11.98 /100g,,,https://product-images.metro.ca/images/ha9/h5c/11251062439966.jpg,https://www.metro.ca/en/online-grocery/search-page-242
PASSION D'ÉPICES,Shish Taouk Chicken Lebanese Seasoning,40 g,"$5.99
 ea.",,$14.98 /100g,,,https://product-images.metro.ca/images/h29/h97/11251060867102.jpg,https://www.metro.ca/en/online-grocery/search-page-242
PASSION D'ÉPICES,Bruschetta Dip Seasoning,30 g,"$5.99
 ea.",,$19.97 /100g,,,https://product-images.metro.ca/images/h88/he6/11251047792670.jpg,https://www.metro.ca/en/online-grocery/search-page-242
PASSION D'ÉPICES,Salsa Fiesta Dip Seasoning,50 g,"$5.99
 ea.",,$11.98 /100g,,,https://product-images.metro.ca/images/h90/hfa/11251040354334.jpg,https://www.metro.ca/en/online-grocery/search-page-242
PASSION D'ÉPICES,Piri Piri Portuguese Seasoning,50 g,"$5.99
 ea.",,$11.98 /100g,,,https://product-images.metro.ca/images/h17/h86/11251068272670.jpg,https://www.metro.ca/en/online-grocery/search-page-242
PASSION D'ÉPICES,Ras El Hanout Couscous Moroccan Seasoning,50 g,"$5.99
 ea.",,$11.98 /100g,,,https://product-images.metro.ca/images/h4b/h08/11251038257182.jpg,https://www.metro.ca/en/online-grocery/search-page-242
PASSION D'ÉPICES,Bacon And Fine Herbs Seasoning,60 g,"$6.99
 ea.",,$17.48 /100g,,,https://product-images.metro.ca/images/h0b/h81/11251038519326.jpg,https://www.metro.ca/en/online-grocery/search-page-242
PASSION D'ÉPICES,Korean BBQ Seasoning,60 g,"$6.99
 ea.",,$11.65 /100g,,,https://product-images.metro.ca/images/h20/h83/11251034914846.jpg,https://www.metro.ca/en/online-grocery/search-page-242
PASSION D'ÉPICES,Everything Bacon Seasoning,60 g,"$6.99
 ea.",,$11.65 /100g,,,https://product-images.metro.ca/images/h27/h0e/11251053428766.jpg,https://www.metro.ca/en/online-grocery/search-page-242
CIDRERIE MILTON,"Lemonade Flavoured Alcoholic Drink, Star",355 mL,"$12.99
 ea.",,$3.66 /100ml,,,,https://www.metro.ca/en/online-grocery/search-page-242
CIDRERIE MILTON,Rosé Sparkling Cider,473 mL,"2 / 
$8.99",,$0.95 /100ml,"Regular price
$4.99  ea.","Valid until Feb 7, 2024",https://product-images.metro.ca/images/hc1/h4e/11298612641822.jpg,https://www.metro.ca/en/online-grocery/search-page-242
CIDRERIE MILTON,"Apple Flavoured Alcoholic Drink, Star",355 mL,"$12.99
 ea.",,$3.66 /100ml,,,,https://www.metro.ca/en/online-grocery/search-page-242
CIDRERIE MILTON,"Blackberry Flavoured Alcoholic Drink, Star",355 mL,"$12.99
 ea.",,$3.66 /100ml,,,,https://www.metro.ca/en/online-grocery/search-page-242
CIDRERIE MILTON,Dry Sparkling Cider,4x355 mL,"$12.99
 ea.",,$0.91 /100ml,"Regular price
$14.49  ea.","Valid until Feb 7, 2024",https://product-images.metro.ca/images/h4a/h45/11457736212510.jpg,https://www.metro.ca/en/online-grocery/search-page-242
CIDRERIE MILTON,Original Sparkling Cider,473 mL,"2 / 
$6.99",,$0.74 /100ml,"Regular price
$3.99  ea.","Valid until Feb 7, 2024",https://product-images.metro.ca/images/h0d/h51/11511813341214.jpg,https://www.metro.ca/en/online-grocery/search-page-242
CIDRERIE MILTON,Dry Sparkling Cider,473 mL,"2 / 
$6.99",,$0.74 /100ml,"Regular price
$3.99  ea.","Valid until Feb 7, 2024",https://product-images.metro.ca/images/h3c/h4c/11511809638430.jpg,https://www.metro.ca/en/online-grocery/search-page-242
CIDRERIE MILTON,Rosé Sparkling Cider,4x355 mL,"$13.99
 ea.",,$0.99 /100ml,"Regular price
$16.49  ea.","Valid until Feb 7, 2024",https://product-images.metro.ca/images/hed/hc4/11486340710430.jpg,https://www.metro.ca/en/online-grocery/search-page-242
CIDRERIE MILTON,Original Sparkling Cider,4x355 mL,"$12.99
 ea.",,$0.91 /100ml,"Regular price
$14.49  ea.","Valid until Feb 7, 2024",https://product-images.metro.ca/images/h8c/h73/11457699971102.jpg,https://www.metro.ca/en/online-grocery/search-page-242
O'KEEFFE'S,Hand Cream,96 g,"$10.99
 ea.",,$11.45 /100g,,,https://product-images.metro.ca/images/hb4/hac/11849499574302.jpg,https://www.metro.ca/en/online-grocery/search-page-242
O'KEEFFE'S,Working Hands Hand Cream,85 g,"$11.49
 ea.",,$13.52 /100g,,,https://product-images.metro.ca/images/h88/h76/11849505013790.jpg,https://www.metro.ca/en/online-grocery/search-page-242
CLIF BAR,"Crunchy Peanut Butter Flavoured Energy Bars, Mini",10x28 g,"$11.99
 ea.",,$4.28 /100g,,,,https://www.metro.ca/en/online-grocery/search-page-242
CLIF BAR,"Chocolate Chip Flavoured Energy Bars, Mini",10x28 g,"$11.99
 ea.",,$4.28 /100g,,,,https://www.metro.ca/en/online-grocery/search-page-242
CLIF,"Chocolate Chips Snack Bars, Thins",7x22 g,"$11.99
 ea.",,$7.79 /100g,,,,https://www.metro.ca/en/online-grocery/search-page-242
CLIF,"White Chocolate And Macadamia Nut Snack Bars, Thins",7x22 g,"$11.99
 ea.",,$7.79 /100g,,,,https://www.metro.ca/en/online-grocery/search-page-242
JULIUS,Bloody Caesar,4x341 mL,"$10.99
 ea.",,$0.58 /100ml,"Regular price
$11.99  ea.","Valid until Feb 7, 2024",https://product-images.metro.ca/images/h2f/h0d/9531326627870.jpg,https://www.metro.ca/en/online-grocery/search-page-242
JULIUS,Bloody Caesar Flavoured Alcoholic Malt Beverage,6x355 mL,"$14.99
 ea.",,$4.03 /100kg,"Regular price
$16.49  ea.","Valid until Feb 7, 2024",https://product-images.metro.ca/images/h7c/h59/9719935893534.jpg,https://www.metro.ca/en/online-grocery/search-page-242
LA BITTT À TIBI,"Beer Assortment, Collection Prestige",12x355 mL - cans,"$20.99
 ea.",,$0.49 /100ml,,,,https://www.metro.ca/en/online-grocery/search-page-242
CARLOS PEPITO,Sangria Flavoured Alcoholic Malt Beverage Variety Pa...,12x355 mL,"$23.99
 ea.",,$6.76 /100ml,"Regular price
$27.49  ea.","Valid until Feb 7, 2024",,https://www.metro.ca/en/online-grocery/search-page-242
REV,Blackberry Flavoured Alcoholic Malt Beverage,355 mL,"2 / 
$7.00",,$0.99 /100ml,"Regular price
$3.89  ea.","Valid until Feb 7, 2024",https://product-images.metro.ca/images/h8d/h13/10020950048798.jpg,https://www.metro.ca/en/online-grocery/search-page-242
POPPERS,"Alcoholic Malt Beverage, Hard Ice",6x355 mL,"$12.99
 ea.",,$0.61 /100ml,"Regular price
$15.49  ea.","Valid until Feb 7, 2024",,https://www.metro.ca/en/online-grocery/search-page-243
POPPERS,"Blue Raspberry Flavoured Alcoholic Malt Beverage, Be...",473 mL,"2 / 
$7.00",,$0.74 /100ml,"Regular price
$3.59  ea.","Valid until Feb 7, 2024",,https://www.metro.ca/en/online-grocery/search-page-243
POPPERS,"Lemon And Lime Flavoured Alcoholic Malt Beverage, Ha...",473 mL - can,"2 / 
$7.00",,$0.74 /100ml,"Regular price
$3.59  ea.","Valid until Feb 7, 2024",,https://www.metro.ca/en/online-grocery/search-page-243
JULIUS,Bloody Caesar,12x355 mL,"$24.99
 ea.",,$0.59 /100ml,"Regular price
$28.99  ea.","Valid until Feb 7, 2024",https://product-images.metro.ca/images/hb6/h91/10250485268510.jpg,https://www.metro.ca/en/online-grocery/search-page-243
SHAKER MIXOLOGY,"Alcoholic Malt Beverage Variety Pack, Mix Pack",12x355 mL,"$24.99
 ea.",,$0.59 /100ml,"Regular price
$28.99  ea.","Valid until Feb 7, 2024",,https://www.metro.ca/en/online-grocery/search-page-243
SHAKER MIXOLOGY,"Alcoholic Malt Beverage Variety Pack, Mix Pack",6x355 mL,"$14.99
 ea.",,$0.70 /100ml,"Regular price
$15.99  ea.","Valid until Feb 7, 2024",,https://www.metro.ca/en/online-grocery/search-page-243
SHAKER MIXOLOGY,"Alcoholic Malt Beverage Variety Pack, Caisse Mixte",6x355 mL,"$13.99
 ea.",,$0.66 /100ml,"Regular price
$15.49  ea.","Valid until Feb 7, 2024",,https://www.metro.ca/en/online-grocery/search-page-243
BACARDI+ BREEZER,"Alcoholic Malt Beverage Variety Pack, Island Cocktai...",12x355 mL,"$23.99
 ea.",,$0.56 /100ml,"Regular price
$28.99  ea.","Valid until Feb 7, 2024",,https://www.metro.ca/en/online-grocery/search-page-243
POPPERS,"Alcoholic Malt Beverage Variety Pack, 7",6x355 mL,"$12.99
 ea.",,$0.61 /100ml,"Regular price
$15.49  ea.","Valid until Feb 7, 2024",,https://www.metro.ca/en/online-grocery/search-page-243
SHAKER MIXOLOGY,"Alcoholic Malt Beverage Variety Pack, Mix Pack",12x355 mL,"$23.99
 ea.",,$0.56 /100ml,"Regular price
$28.99  ea.","Valid until Feb 7, 2024",,https://www.metro.ca/en/online-grocery/search-page-243
CARLOS PEPITO,Original Red Sangria Flavoured Alcoholic Malt Bevera...,1 L,"$7.99
 ea.",,$0.80 /100ml,"Regular price
$9.99  ea.","Valid until Feb 7, 2024",,https://www.metro.ca/en/online-grocery/search-page-243
CARLOS PEPITO,"Sangria Style Alcoholic Malt Beverage Variety Pack, ...",6x355 mL,"$13.99
 ea.",,$0.66 /100ml,"Regular price
$15.49  ea.","Valid until Feb 7, 2024",,https://www.metro.ca/en/online-grocery/search-page-243
BACARDI+,"Mojito Flavoured Alcoholic Sparkling Water, Breezer",473 mL,"2 / 
$7.00",,$0.74 /100ml,"Regular price
$3.59  ea.","Valid until Feb 7, 2024",,https://www.metro.ca/en/online-grocery/search-page-243
POPPERS,Limonade Flavoured Assorted Malt Beverage Variety Pa...,6x355 mL,"$12.99
 ea.",,$0.61 /100ml,"Regular price
$15.49  ea.","Valid until Feb 7, 2024",,https://www.metro.ca/en/online-grocery/search-page-243
SHAKER MIXOLOGY,Pink Lemonade Flavoured Alcoholic Malt Beverage,473 mL,"2 / 
$7.00",,$0.74 /100ml,"Regular price
$3.59  ea.","Valid until Feb 7, 2024",https://product-images.metro.ca/images/hc1/hb9/10486899572766.jpg,https://www.metro.ca/en/online-grocery/search-page-243
SHAKER MIXOLOGY,"Tropical Punch Flavoured Alcoholic Malt Beverage, Pi...",473 mL,"2 / 
$7.00",,$0.74 /100ml,"Regular price
$3.59  ea.","Valid until Feb 7, 2024",,https://www.metro.ca/en/online-grocery/search-page-243
CARLOS PEPITO,"Alcoholic Malt Beverage Variety Pack, Sorbete",6x355 mL,"$13.99
 ea.",,$0.66 /100ml,"Regular price
$15.49  ea.","Valid until Feb 7, 2024",,https://www.metro.ca/en/online-grocery/search-page-243
CARLOS PEPITO,"Sangria Style Alcoholic Malt Beverage Variety Pack, ...",12x355 mL,"$23.99
 ea.",,$0.56 /100ml,"Regular price
$27.49  ea.","Valid until Feb 7, 2024",,https://www.metro.ca/en/online-grocery/search-page-243
BACARDI+ BREEZER,"Alcoholic Malt Beverage Variety Pack, Seltzer Botanical",6x355 mL,"$15.49
 ea.",,$0.73 /100ml,,,,https://www.metro.ca/en/online-grocery/search-page-243
POPPERS,Pink Lemonade Flavoured Alcoholic Malt Beverage,473 mL,"2 / 
$7.00",,$0.74 /100ml,"Regular price
$3.59  ea.","Valid until Feb 7, 2024",https://product-images.metro.ca/images/hdc/h22/10486887841822.jpg,https://www.metro.ca/en/online-grocery/search-page-243
POPPERS,"Alcoholic Malt Beverages Variety Pack, Mix Party Pack",15x355 mL,"$23.99
 ea.",,$0.45 /100ml,"Regular price
$27.49  ea.","Valid until Feb 7, 2024",,https://www.metro.ca/en/online-grocery/search-page-243
BULLES DE NUIT,"Sparkling Wine Style Alcoholic Malt Beverage, Peach ...",750 mL,"$7.99
 ea.",,$1.07 /100ml,"Regular price
$9.99  ea.","Valid until Feb 7, 2024",,https://www.metro.ca/en/online-grocery/search-page-243
BULLES DE NUIT,White Peach Bellini Style Alcoholic Malt Beverage,355 mL,"2 / 
$7.00",,$0.99 /100ml,"Regular price
$4.49  ea.","Valid until Feb 7, 2024",https://product-images.metro.ca/images/h8f/he1/10529977040926.jpg,https://www.metro.ca/en/online-grocery/search-page-243
CARLOS PEPITO,"Alcoholic Malt Beverages Variety Pack, Sorbete",12x355 mL - Cans,"$23.99
 ea.",,$0.56 /100ml,"Regular price
$27.49  ea.","Valid until Feb 7, 2024",,https://www.metro.ca/en/online-grocery/search-page-243
SHAKER MIXOLOGY,"Alcoholic Malt Beverage Variety Pack, Mix Pack 2",12x355 mL,"$28.99
 ea.",,$0.68 /100ml,,,,https://www.metro.ca/en/online-grocery/search-page-243
POPPERS,"Lemon And Lime Flavoured Alcoholic Malt Beverage, Ha...",15x355 mL,"$23.99
 ea.",,$0.45 /100ml,"Regular price
$27.49  ea.","Valid until Feb 7, 2024",,https://www.metro.ca/en/online-grocery/search-page-243
SHAKER MIXOLOGY,"Alcoholic Malt Beverage, Comte Dracula",6x355 mL,"$13.99
 ea.",,$0.66 /100ml,"Regular price
$15.49  ea.","Valid until Feb 7, 2024",,https://www.metro.ca/en/online-grocery/search-page-243
POPPERS,Lemonade Flavoured Alcoholic Malt Beverages Variety ...,15x355 mL,"$23.99
 ea.",,$0.45 /100ml,"Regular price
$27.49  ea.","Valid until Feb 7, 2024",,https://www.metro.ca/en/online-grocery/search-page-243
CARLOS PEPITO,"Calanda Peach Flavoured Alcoholic Malt Beverage, San...",6x355 mL,"$13.99
 ea.",,$0.66 /100ml,"Regular price
$15.49  ea.","Valid until Feb 7, 2024",,https://www.metro.ca/en/online-grocery/search-page-243
JOHN FRIEDA,"Curl Reviver Styling Mousse, Frizz Ease",210 g,"$14.49
 ea.",,$6.90 /100g,,,,https://www.metro.ca/en/online-grocery/search-page-243
CLAUSTHALER,Non-Alcoholic Beer,6x330 mL - cans,"$11.99
 ea.",,$0.61 /100ml,"Regular price
$12.99  ea.","Valid until Feb 7, 2024",https://product-images.metro.ca/images/h3a/h81/10190257455134.jpg,https://www.metro.ca/en/online-grocery/search-page-244
MICHEL JODOIN,"White Sparkling Cider, Grand Cidre",750 mL,"$14.99
 ea.",,$2.00 /100ml,,,,https://www.metro.ca/en/online-grocery/search-page-244
MICHEL JODOIN,"Sparkling Rosé Cider, Boire La Vie En Rose",750 mL,"$16.99
 ea.",,$2.27 /100ml,"Regular price
$17.99  ea.","Valid until Feb 7, 2024",,https://www.metro.ca/en/online-grocery/search-page-244
MICHEL JODOIN,Litchi Flavoured Alcool Free Apple Must,4x250 mL,"$6.49
 ea.",,$0.65 /100ml,,,https://product-images.metro.ca/images/hc9/h65/10246252724254.jpg,https://www.metro.ca/en/online-grocery/search-page-244
FINN CRISP,Original Rye Rusks,250 g,"$4.69
 ea.",,$1.88 /100g,,,https://product-images.metro.ca/images/h0b/h5f/10226112266270.jpg,https://www.metro.ca/en/online-grocery/search-page-244
,Rocha Pears Case,2 kg,"$9.99
 ea.",,$0.50 /100g,,,https://product-images.metro.ca/images/hb6/hd4/9537037303838.jpg,https://www.metro.ca/en/online-grocery/search-page-244
LOTUS,Biscoff Cookies,186 g,"$3.49
 ea.",,$1.88 /100g,"Regular price
$3.99  ea.","Valid until Jan 24, 2024",https://product-images.metro.ca/images/h3c/hbb/9802782048286.jpg,https://www.metro.ca/en/online-grocery/search-page-244
LOTUS,"Vanilla Flavoured Sandwich Cookies, Biscoff",150 g,"$4.79
 ea.",,$3.19 /100g,,,,https://www.metro.ca/en/online-grocery/search-page-244
LOTUS,"Milk Chocolate Flavoured Sandwich Cookies, Biscoff",150 g,"$4.79
 ea.",,$3.19 /100g,,,,https://www.metro.ca/en/online-grocery/search-page-244
LOTUS,"Speculoos And Cream Flavoured Cookie, Biscoff",150 g,"$4.79
 ea.",,$3.19 /100g,,,,https://www.metro.ca/en/online-grocery/search-page-244
LOTUS,"Biscuit Crunchy Spread, Biscoff",380 g,"$6.99
 ea.",,$1.84 /100g,"Regular price
$7.79  ea.","Valid until Feb 7, 2024",,https://www.metro.ca/en/online-grocery/search-page-244
RESTO PIZZ,Pepperoni And Cheese Pizza,765 g,"$9.99
 ea.",,$1.31 /100g,,,https://product-images.metro.ca/images/hf4/hcd/11590791987230.jpg,https://www.metro.ca/en/online-grocery/search-page-244
BRASSEURS RJ,"Belgian-Style White Beer On Lees, Cheval Blanc",473 mL - can,"2 / 
$6.50",,$0.69 /100ml,"Regular price
$3.49  ea.","Valid until Feb 7, 2024",,https://www.metro.ca/en/online-grocery/search-page-244
NOUVELLE ORLÉANS,Jardinière Dressing,350 mL,"$5.99
 ea.",,$1.71 /100ml,,,https://product-images.metro.ca/images/hfa/hc9/9873261461534.jpg,https://www.metro.ca/en/online-grocery/search-page-244
BRASSEURS RJ,"Belgian Style White Beer On Lees, Cheval Blanc",6x355 mL,"$12.99
 ea.",,$0.61 /100ml,,,,https://www.metro.ca/en/online-grocery/search-page-244
GARNIER,"Almond And Argan Nourishing Shampoo, Whole Blends",370 ml,"$6.49
 ea.",,$1.75 /100ml,,,,https://www.metro.ca/en/online-grocery/search-page-244
GARNIER,"Almond And Argan Nourishing Conditioner, Whole Blends",370 ml,"$6.49
 ea.",,$1.75 /100ml,,,,https://www.metro.ca/en/online-grocery/search-page-244
3 FOIS PAR JOUR,Swedish Meatball,305 g,"$10.49
 ea.",,$3.44 /100g,,,https://product-images.metro.ca/images/h9e/hba/9992454963230.jpg,https://www.metro.ca/en/online-grocery/search-page-244
3 FOIS PAR JOUR,Feta Couscous,200 g,"$7.99
 ea.",,$4.00 /100g,,,https://product-images.metro.ca/images/hf2/h09/9992440414238.jpg,https://www.metro.ca/en/online-grocery/search-page-244
3 FOIS PAR JOUR,Beans Curry With Root Vegetables,300 g,"$7.99
 ea.",,$2.66 /100g,,,https://product-images.metro.ca/images/h58/hc9/9992435564574.jpg,https://www.metro.ca/en/online-grocery/search-page-244
3 FOIS PAR JOUR,Olives And Lemon Chicken Leg,420 g,"$10.49
 ea.",,$2.50 /100g,,,https://product-images.metro.ca/images/hbf/h91/9992433926174.jpg,https://www.metro.ca/en/online-grocery/search-page-244
PLAISIRS GASTRONOMIQUES,Mac And Cheese With Lardons,500 g,"$11.99
 ea.",,$2.40 /100g,,,https://product-images.metro.ca/images/h69/h44/11161830653982.jpg,https://www.metro.ca/en/online-grocery/search-page-244
BOLDWIN,"Organic Blonde Ale Beer, Champs D'Eau",473 mL - can,"$3.99
 ea.",,$0.84 /100ml,"Regular price
$4.49  ea.","Valid until Feb 7, 2024",,https://www.metro.ca/en/online-grocery/search-page-244
BOLDWIN,"Organic Witbier-Style White Beer, Fleuve",473 mL - can,"$3.99
 ea.",,$0.84 /100ml,"Regular price
$4.49  ea.","Valid until Feb 7, 2024",,https://www.metro.ca/en/online-grocery/search-page-244
BOLDWIN,"Organic Session IPA, Pêcheur",473 mL - can,"$3.99
 ea.",,$0.84 /100ml,"Regular price
$4.49  ea.","Valid until Feb 7, 2024",,https://www.metro.ca/en/online-grocery/search-page-244
BOLDWIN,"Organic ESB Pale Ale Beer, Massif Des Roses",473 mL - can,"$3.99
 ea.",,$0.84 /100ml,"Regular price
$4.49  ea.","Valid until Feb 7, 2024",,https://www.metro.ca/en/online-grocery/search-page-244
LE BILBOQUET,"American IPA Beer, Peau D'Ours",473 mL - can,"$3.99
 ea.",,$0.84 /100ml,"Regular price
$4.49  ea.","Valid until Feb 7, 2024",,https://www.metro.ca/en/online-grocery/search-page-244
LE BILBOQUET,"Imperial IPA Beer, Billy Bishop",473 mL - can,"$4.49
 ea.",,$0.95 /100ml,"Regular price
$4.99  ea.","Valid until Feb 7, 2024",,https://www.metro.ca/en/online-grocery/search-page-244
VAGABON BEER,"Organic IPA Beer, Instant De Bonheur",473mL - can,"$3.99
 ea.",,$0.84 /100ml,"Regular price
$4.49  ea.","Valid until Feb 7, 2024",,https://www.metro.ca/en/online-grocery/search-page-244
VAGABON BEER,"Organic Pilsner Beer, Bon Baiser De Prague",473 mL - can,"$3.99
 ea.",,$0.84 /100ml,"Regular price
$4.49  ea.","Valid until Feb 7, 2024",,https://www.metro.ca/en/online-grocery/search-page-244
VAGABON BEER,"Yuzu Flavoured Organic White Beer, Soleil Levant",473 mL - can,"$3.99
 ea.",,$0.84 /100ml,"Regular price
$4.49  ea.","Valid until Feb 7, 2024",,https://www.metro.ca/en/online-grocery/search-page-245
LOOP MISSION,Pineapple Light Hoppy Sour Beer,473 mL - can,"2 / 
$8.99",,$0.95 /100ml,"Regular price
$4.99  ea.","Valid until Feb 7, 2024",https://product-images.metro.ca/images/h2d/h18/11754277044254.jpg,https://www.metro.ca/en/online-grocery/search-page-245
BOLDWIN,"Organic Sour Saison Beer, La Saison Est Courte",473 mL - can,"$3.99
 ea.",,$0.84 /100ml,"Regular price
$4.49  ea.","Valid until Feb 7, 2024",,https://www.metro.ca/en/online-grocery/search-page-245
LE BILBOQUET,"Sour IPA Beer, Indice UV",473 mL - can,"$4.49
 ea.",,$0.95 /100ml,"Regular price
$4.99  ea.","Valid until Feb 7, 2024",,https://www.metro.ca/en/online-grocery/search-page-245
LE BILBOQUET,"Hefeweizen-Style Wheat Beer, L'Archange",473 mL - can,"$4.49
 ea.",,$0.95 /100ml,"Regular price
$4.99  ea.","Valid until Feb 7, 2024",,https://www.metro.ca/en/online-grocery/search-page-245
FERME BRASSICOLE DES CANTONS,"Organic Blonde Ale Beer, Pic De L'Ours",473 mL - can,"$3.99
 ea.",,$0.84 /100ml,"Regular price
$4.49  ea.","Valid until Feb 7, 2024",,https://www.metro.ca/en/online-grocery/search-page-245
BOLDWIN,"Organic Pilsner Beer, Lueur",473 mL - can,"$3.99
 ea.",,$0.84 /100ml,"Regular price
$4.49  ea.","Valid until Feb 7, 2024",,https://www.metro.ca/en/online-grocery/search-page-245
LE BILBOQUET,"Honey And Spice Strong Red Beer , L'Affriolante",473 mL - bottle,"$4.49
 ea.",,$0.95 /100ml,"Regular price
$4.99  ea.","Valid until Feb 7, 2024",,https://www.metro.ca/en/online-grocery/search-page-245
FERME BRASSICOLE DES CANTONS,"Organic English-Style Red IPA Beer, Sweep",473 mL - can,"$3.99
 ea.",,$0.84 /100ml,"Regular price
$4.49  ea.","Valid until Feb 7, 2024",,https://www.metro.ca/en/online-grocery/search-page-245
LOOP MISSION,Lemon And Ginger Light Saison Sour Beer,473 mL - can,"2 / 
$8.99",,$0.95 /100ml,"Regular price
$4.99  ea.","Valid until Feb 7, 2024",https://product-images.metro.ca/images/h4a/h8f/11754260430878.jpg,https://www.metro.ca/en/online-grocery/search-page-245
LE BILBOQUET,"Extra Strong Scotch Ale, MacKroken Flower",473 mL - can,"$5.99
 ea.",,$1.27 /100ml,"Regular price
$6.49  ea.","Valid until Feb 7, 2024",,https://www.metro.ca/en/online-grocery/search-page-245
LE BILBOQUET,"Blonde Ale Beer, Poche Bleue",473 mL - can,"$3.99
 ea.",,$0.84 /100ml,"Regular price
$4.49  ea.","Valid until Feb 7, 2024",,https://www.metro.ca/en/online-grocery/search-page-245
LOOP MISSION,Strawberry Berliner Weisse-Style White Sour Beer,473 mL - can,"2 / 
$8.99",,$0.95 /100ml,"Regular price
$4.99  ea.","Valid until Feb 7, 2024",https://product-images.metro.ca/images/h22/h5d/11754281828382.jpg,https://www.metro.ca/en/online-grocery/search-page-245
LOOP MISSION,Passion Fruit Radler Beer,473 mL - can,"2 / 
$8.99",,$0.95 /100ml,"Regular price
$4.99  ea.","Valid until Feb 7, 2024",https://product-images.metro.ca/images/h70/h7f/10101157199902.jpg,https://www.metro.ca/en/online-grocery/search-page-245
LOOP MISSION,Clementine Radler Beer,473 mL - can,"2 / 
$8.99",,$0.95 /100ml,"Regular price
$4.99  ea.","Valid until Feb 7, 2024",https://product-images.metro.ca/images/hfc/h01/10101157789726.jpg,https://www.metro.ca/en/online-grocery/search-page-245
TANGRAM BREWING CO.,"Organic Session IPA Beer, Chicken Hearted",473 mL - can,"2 / 
$8.99",,$0.95 /100ml,"Regular price
$4.99  ea.","Valid until Feb 7, 2024",,https://www.metro.ca/en/online-grocery/search-page-245
TANGRAM BREWING CO.,"Organic NEIPA Beer, Trojan Horse",473 mL - can,"2 / 
$8.99",,$0.95 /100ml,"Regular price
$4.99  ea.","Valid until Feb 7, 2024",,https://www.metro.ca/en/online-grocery/search-page-245
VAGABON BEER,"Organic West Coast IPA Beer, Sequoia",473 mL - can,"2 / 
$8.99",,$0.95 /100ml,"Regular price
$4.99  ea.","Valid until Feb 7, 2024",,https://www.metro.ca/en/online-grocery/search-page-245
MICROBRASSERIE DES CANTONS,"Hefeweizen-Style White Beer, Dans L'Vent",473 mL - can,"$3.99
 ea.",,$0.84 /100ml,"Regular price
$4.49  ea.","Valid until Feb 7, 2024",,https://www.metro.ca/en/online-grocery/search-page-245
VAGABON BEER,"Organic Nano IPA Beer, Hop!",473 mL - can,"$3.99
 ea.",,$0.84 /100ml,"Regular price
$4.49  ea.","Valid until Feb 7, 2024",,https://www.metro.ca/en/online-grocery/search-page-245
LOOP MISSION,Grapefruit Radler Beer,473 mL -can,"2 / 
$8.99",,$0.95 /100ml,"Regular price
$4.99  ea.","Valid until Feb 7, 2024",https://product-images.metro.ca/images/hf5/h0b/10101156282398.jpg,https://www.metro.ca/en/online-grocery/search-page-245
BOLDWIN,"Organic NEIPA Beer, Atlantique",473 mL -can,"2 / 
$8.99",,$0.95 /100ml,"Regular price
$4.99  ea.","Valid until Feb 7, 2024",,https://www.metro.ca/en/online-grocery/search-page-245
LE BILBOQUET,"Citrus Flavoured White Beer, La 84",473 mL - can,"$3.99
 ea.",,$0.84 /100ml,"Regular price
$4.49  ea.","Valid until Feb 7, 2024",,https://www.metro.ca/en/online-grocery/search-page-245
LE BILBOQUET,"German Inspired Red Beer, La 40",473 mL - can,"$3.99
 ea.",,$3.99 /un.,"Regular price
$4.49  ea.","Valid until Feb 7, 2024",,https://www.metro.ca/en/online-grocery/search-page-245
VAGABON BEER,"Organic Session IPA Beer, Joie De Vivre",473 mL - can,"$3.99
 ea.",,$0.84 /100ml,"Regular price
$4.49  ea.","Valid until Feb 7, 2024",,https://www.metro.ca/en/online-grocery/search-page-245
MACARONI ET CIE,Rainbow Fusilli Pasta,360 g,"$3.99
 ea.",,$1.11 /100g,,,https://product-images.metro.ca/images/h1e/hf4/10792214495262.jpg,https://www.metro.ca/en/online-grocery/search-page-245
BRASSEUR VAGABOND,Vanlife IPA Beer,473 mL,"$3.99
 ea.",,$0.84 /100ml,"Regular price
$4.49  ea.","Valid until Feb 7, 2024",https://product-images.metro.ca/images/h02/hec/11883556372510.jpg,https://www.metro.ca/en/online-grocery/search-page-245
FERME BRASSICOLE DES CANTONS,"Organic Session IPA Beer, Allez Pou-Pou",473 mL,"$4.49
 ea.",,$0.95 /100ml,"Regular price
$4.99  ea.","Valid until Feb 7, 2024",,https://www.metro.ca/en/online-grocery/search-page-245
FERME BRASSICOLE DES CANTONS,"NEIPA Beer, Champion",473 mL - canette,"2 / 
$8.99",,$0.95 /100ml,"Regular price
$4.99  ea.","Valid until Feb 7, 2024",,https://www.metro.ca/en/online-grocery/search-page-245
CHIC!FONDUE,Cheese And Beer Fondue,125 g,"$7.99
 ea.",,$6.39 /100g,"Regular price
$8.99  ea.","Valid until Jan 10, 2024",https://product-images.metro.ca/images/hff/hb3/11188534542366.jpg,https://www.metro.ca/en/online-grocery/search-page-245
LIVIVA,Organic Soybean Spaghetti,200 g,"$6.49
 ea.",,$3.25 /100g,,,https://product-images.metro.ca/images/he9/hac/11817012101150.jpg,https://www.metro.ca/en/online-grocery/search-page-246
LIVIVA,Organic Soybean Fettuccine,200 g,"$6.49
 ea.",,$3.25 /100g,,,https://product-images.metro.ca/images/h0b/h7b/10319538159646.jpg,https://www.metro.ca/en/online-grocery/search-page-246
LIVIVA,Organic Shirataki Penne Pasta With Oat Fibre,400 g,"$6.49
 ea.",,$1.62 /100g,,,https://product-images.metro.ca/images/hca/h85/11817023143966.jpg,https://www.metro.ca/en/online-grocery/search-page-246
LIVIVA,Organic Shirataki Fettuccine Pasta With Oat Fibre,400 g,"$6.49
 ea.",,$1.62 /100g,,,https://product-images.metro.ca/images/he4/h00/10319542812702.jpg,https://www.metro.ca/en/online-grocery/search-page-246
LIVIVA,Organic Shirataki Spaghetti Pasta With Oat Fibre,400 g,"$6.49
 ea.",,$1.62 /100g,,,https://product-images.metro.ca/images/hcd/h1a/10319541764126.jpg,https://www.metro.ca/en/online-grocery/search-page-246
DOMAINE LABRANCHE,Quebec Maple And Raspberry Sparkling Rosé Wine,750 mL,"$18.99
 ea.",,$2.53 /100ml,"Regular price
$19.99  ea.","Valid until Feb 7, 2024",https://product-images.metro.ca/images/he4/h04/11742391435294.jpg,https://www.metro.ca/en/online-grocery/search-page-246
KIM LAM,Frozen Vegetable Dumplings,240 g,"$13.99
 ea.",,$5.83 /100g,,,https://product-images.metro.ca/images/hfd/hd4/10244692213790.jpg,https://www.metro.ca/en/online-grocery/search-page-246
KIM LAM,Frozen General Tao Chicken With Sauce,227 g,"$13.99
 ea.",,$6.16 /100g,,,https://product-images.metro.ca/images/ha6/h00/10244813455390.jpg,https://www.metro.ca/en/online-grocery/search-page-246
KIM LAM,Frozen General Tao Tofu With Sauce,227 g,"$13.99
 ea.",,$6.16 /100g,,,https://product-images.metro.ca/images/h98/h32/10244370956318.jpg,https://www.metro.ca/en/online-grocery/search-page-246
DRIZZLE,Spicy Raw Honey,500 g,"$14.99
 ea.",,$3.00 /100g,,,https://product-images.metro.ca/images/he4/h3f/10470715850782.jpg,https://www.metro.ca/en/online-grocery/search-page-246
BAD MONKEY,BBQ Ribs Flavoured Pop Corn,300 g,"$4.99
 ea.",,$1.66 /100g,,,https://product-images.metro.ca/images/h3f/h91/11281655365662.jpg,https://www.metro.ca/en/online-grocery/search-page-246
BAD MONKEY,Buffalo Wings Flavoured Pop Corn,300 g,"$4.99
 ea.",,$1.66 /100g,,,https://product-images.metro.ca/images/hec/h63/11281655332894.jpg,https://www.metro.ca/en/online-grocery/search-page-246
FIREBARNS,Sriracha Hot Sauce,500 mL,"$7.49
 ea.",,$1.50 /100ml,,,https://product-images.metro.ca/images/h6c/h3c/11570980421662.jpg,https://www.metro.ca/en/online-grocery/search-page-246
FIREBARNS,"Rum Chipotle, Tequila Lime, And Original Hot Sauce Trio",3x53 mL,"$12.99
 ea.",,$8.17 /100ml,,,https://product-images.metro.ca/images/h82/h6f/10946185035806.jpg,https://www.metro.ca/en/online-grocery/search-page-246
TEMPEHINE,Spring Flavoured Organic Tempeh Cubes,200 g,"$6.49
 ea.",,$3.25 /100g,"Regular price
$6.99  ea.","Valid until Jan 17, 2024",https://product-images.metro.ca/images/hff/he5/10504492613662.jpg,https://www.metro.ca/en/online-grocery/search-page-246
TEMPEHINE,Caribbean Flavoured Organic Tempeh Cubes,200 g,"$6.49
 ea.",,$3.25 /100g,"Regular price
$6.99  ea.","Valid until Jan 17, 2024",https://product-images.metro.ca/images/hf4/h5b/11461873401886.jpg,https://www.metro.ca/en/online-grocery/search-page-246
FIREBARNS,Cayenne Hot Sauce,300 mL,"$5.99
 ea.",,$2.00 /100ml,,,https://product-images.metro.ca/images/h7a/h79/10950239813662.jpg,https://www.metro.ca/en/online-grocery/search-page-246
TEMPEHINE,Montréal Spices Organic Tempeh Burger,320 g,"$7.99
 ea.",,$2.50 /100g,,,https://product-images.metro.ca/images/hb2/h50/11461903581214.jpg,https://www.metro.ca/en/online-grocery/search-page-246
TEMPEHINE,Smoked Caribbean Flavored Organic Tempeh Burger,320 g,"$7.99
 ea.",,$2.50 /100g,,,,https://www.metro.ca/en/online-grocery/search-page-246
FIREBARNS,Ketchup,500 mL,"$5.99
 ea.",,$1.20 /100ml,,,https://product-images.metro.ca/images/h4d/hd2/10882934145054.jpg,https://www.metro.ca/en/online-grocery/search-page-246
FIREBARNS,Mustard,500 mL,"$5.99
 ea.",,$1.20 /100ml,,,https://product-images.metro.ca/images/hbf/hd6/10882932670494.jpg,https://www.metro.ca/en/online-grocery/search-page-246
MACARONI ET CIE,Rainbow Rigatoni Pasta,360 g,"$3.99
 ea.",,$1.11 /100g,,,https://product-images.metro.ca/images/h06/h0a/10792352972830.jpg,https://www.metro.ca/en/online-grocery/search-page-246
MACARONI ET CIE,Plain And Red Pepper Flavoured Rigatoni Pasta,360 g,"$3.99
 ea.",,$1.11 /100g,,,https://product-images.metro.ca/images/hc6/h23/10816584712222.jpg,https://www.metro.ca/en/online-grocery/search-page-246
LOOUNIE CUISINE,Spicy Magic Tofu,430 g,"$11.99
 ea.",,$2.79 /100g,,,https://product-images.metro.ca/images/haf/he7/11461912690718.jpg,https://www.metro.ca/en/online-grocery/search-page-246
TEMPEHINE,Organic Natural Tempeh,220 g,"$5.49
 ea.",,$5.49 /un.,"Regular price
$5.99  ea.","Valid until Jan 17, 2024",https://product-images.metro.ca/images/h02/hcb/11761689788446.jpg,https://www.metro.ca/en/online-grocery/search-page-246
STEFANO FAITA,Farfalle,454 g,"$3.49
 ea.",,$0.77 /100g,,,https://product-images.metro.ca/images/h33/h99/11621919293470.jpg,https://www.metro.ca/en/online-grocery/search-page-246
STEFANO FAITA,Fusilli,454 g,"$3.49
 ea.",,$0.77 /100g,,,https://product-images.metro.ca/images/hed/h96/11621886984222.jpg,https://www.metro.ca/en/online-grocery/search-page-246
STEFANO FAITA,Penne Rigate,454 g,"$3.49
 ea.",,$0.77 /100g,,,https://product-images.metro.ca/images/hb9/had/11627231772702.jpg,https://www.metro.ca/en/online-grocery/search-page-246
STEFANO FAITA,Spaghettini Pasta,454 g,"$3.49
 ea.",,$0.77 /100g,,,https://product-images.metro.ca/images/h80/h31/11621908021278.jpg,https://www.metro.ca/en/online-grocery/search-page-246
STEFANO FAITA,Macaroni,454 g,"$3.49
 ea.",,$0.77 /100g,,,https://product-images.metro.ca/images/h3e/hf4/11621908283422.jpg,https://www.metro.ca/en/online-grocery/search-page-246
STEFANO FAITA,Spaghettini,454 g,"$3.49
 ea.",,$0.77 /100g,,,https://product-images.metro.ca/images/ha4/hc8/11627231543326.jpg,https://www.metro.ca/en/online-grocery/search-page-247
BRINE CO.,Spicy Dill Pickles,1 L,"$4.99
 ea.",,$0.50 /100ml,,,https://product-images.metro.ca/images/h11/h01/11742323736606.jpg,https://www.metro.ca/en/online-grocery/search-page-247
BRINE CO.,Crunchy Dill Pickles,1 L,"$4.99
 ea.",,$0.50 /100ml,,,https://product-images.metro.ca/images/he0/h19/11742245355550.jpg,https://www.metro.ca/en/online-grocery/search-page-247
THE SAUSAGE GUYS,Québecoise Sausage,325 g,"$7.99
 ea.",,$2.46 /100g,,"Valid until Jan 17, 2024",https://product-images.metro.ca/images/h4e/had/10152915730462.jpg,https://www.metro.ca/en/online-grocery/search-page-247
THE SAUSAGE GUYS,Wine And Chive Sausages,325 g,"$7.99
 ea.",,$2.46 /100g,,"Valid until Jan 17, 2024",https://product-images.metro.ca/images/haa/hfd/10152914583582.jpg,https://www.metro.ca/en/online-grocery/search-page-247
THE SAUSAGE GUYS,Smoke House Sausage,325 g,"$7.99
 ea.",,$2.46 /100g,,"Valid until Jan 17, 2024",https://product-images.metro.ca/images/hdd/he0/10152916615198.jpg,https://www.metro.ca/en/online-grocery/search-page-247
THE SAUSAGE GUYS,El Diablo Sausages,325 g,"$7.99
 ea.",,$2.46 /100g,,"Valid until Jan 17, 2024",https://product-images.metro.ca/images/hea/h77/10152905506846.jpg,https://www.metro.ca/en/online-grocery/search-page-247
THE SAUSAGE GUYS,Frozen Chorizo Sausages,325 g,"$7.99
 ea.",,$2.46 /100g,,"Valid until Jan 17, 2024",https://product-images.metro.ca/images/h81/h79/10152930181150.jpg,https://www.metro.ca/en/online-grocery/search-page-247
THE SAUSAGE GUYS,Halloumi Sausage,285 g,"$7.99
 ea.",,$2.80 /100g,,"Valid until Jan 17, 2024",https://www.metro.ca/images/shared/placeholders/icon-no-picture.svg?v=2023.71.1.d1,https://www.metro.ca/en/online-grocery/search-page-247
THE SAUSAGE GUYS,Frozen Steak Sausage,285 g,"$7.99
 ea.",,$2.80 /100g,,"Valid until Jan 17, 2024",https://product-images.metro.ca/images/h73/h44/10323426050078.jpg,https://www.metro.ca/en/online-grocery/search-page-247
LA PIMENTERIE,Jamaican Jerk Style BBQ Sauce,350 mL,"$10.99
 ea.",,$3.14 /100ml,,,https://product-images.metro.ca/images/h47/hcf/11169034272798.jpg,https://www.metro.ca/en/online-grocery/search-page-247
LA PIMENTERIE,Tex Mex Style BBQ Sauce,350 mL,"$10.99
 ea.",,$3.14 /100ml,,,https://product-images.metro.ca/images/hd0/hfc/10998608527390.jpg,https://www.metro.ca/en/online-grocery/search-page-247
LA PIMENTERIE,Szechuan Style BBQ Sauce,350 mL,"$10.99
 ea.",,$3.14 /100ml,,,https://www.metro.ca/images/shared/placeholders/icon-no-picture.svg?v=2023.71.1.d1,https://www.metro.ca/en/online-grocery/search-page-247
MCKEOWN,Bone Dry Cherry Flavoured Sparkling Cider,473 mL,"2 / 
$7.00",,$0.74 /100ml,"Regular price
$3.79  ea.","Valid until Feb 7, 2024",https://www.metro.ca/images/shared/placeholders/icon-no-picture.svg?v=2023.71.1.d1,https://www.metro.ca/en/online-grocery/search-page-247
LA PIMENTERIE,Calypso Hot Sauce,148 mL,"$10.99
 ea.",,$7.43 /100ml,,,https://www.metro.ca/images/shared/placeholders/icon-no-picture.svg?v=2023.71.1.d1,https://www.metro.ca/en/online-grocery/search-page-247
GHOSTEA,Mango Passion Flavoured Bubble Tea,355 mL,"$4.99
 ea.",,$1.41 /100ml,,,https://product-images.metro.ca/images/h48/h4f/10723500818462.jpg,https://www.metro.ca/en/online-grocery/search-page-247
GHOSTEA,Funky Peach Flavoured Bubble Tea,355 mL,"$4.99
 ea.",,$1.41 /100ml,,,https://product-images.metro.ca/images/hbd/hfa/11432877490206.jpg,https://www.metro.ca/en/online-grocery/search-page-247
GHOSTEA,Blue Raspberry Flavoured Bubble Tea,355 mL,"$4.99
 ea.",,$1.41 /100ml,,,https://product-images.metro.ca/images/ha0/hc0/11432876736542.jpg,https://www.metro.ca/en/online-grocery/search-page-247
THE SAUSAGE GUYS,Mild Italian Sausages,325 g,"$7.99
 ea.",,$2.46 /100g,,"Valid until Jan 17, 2024",https://product-images.metro.ca/images/had/h19/11360290406430.jpg,https://www.metro.ca/en/online-grocery/search-page-247
THE SAUSAGE GUYS,Merguez,325 g,"$7.99
 ea.",,$2.46 /100g,,"Valid until Jan 17, 2024",https://product-images.metro.ca/images/h3c/hf1/11384503042078.jpg,https://www.metro.ca/en/online-grocery/search-page-247
GHOSTEA,Peach Popping Boba,490 g,"$8.99
 ea.",,$1.83 /100g,,,https://product-images.metro.ca/images/hdb/h73/11610013696030.jpg,https://www.metro.ca/en/online-grocery/search-page-247
GHOSTEA,Strawberry Popping Boba,490 g,"$8.99
 ea.",,$1.83 /100g,,,https://product-images.metro.ca/images/hed/hb9/11610002423838.jpg,https://www.metro.ca/en/online-grocery/search-page-247
NIM-NUMS,Chocolate Chip Cookie Dough Bites,212 g,"$6.99
 ea.",,$3.30 /100g,,,https://product-images.metro.ca/images/h85/hdd/11868147744798.jpg,https://www.metro.ca/en/online-grocery/search-page-247
BÂTON ROUGE,Barbecue Sauce,425 mL,"$6.49
 ea.",,$1.53 /100ml,,,https://product-images.metro.ca/images/h12/h0a/11374941962270.jpg,https://www.metro.ca/en/online-grocery/search-page-247
BÂTON ROUGE,Dijonnaise Sauce,41 g,"2 / 
$4.00",,$4.88 /100g,"Regular price
$2.29  ea.","Valid until Jan 24, 2024",https://product-images.metro.ca/images/h8d/hf5/10072212733982.jpg,https://www.metro.ca/en/online-grocery/search-page-247
BÂTON ROUGE,Mushroom Sauce,36 g,"2 / 
$4.00",,$5.56 /100g,"Regular price
$2.29  ea.","Valid until Jan 24, 2024",https://product-images.metro.ca/images/h81/hb1/10073362300958.jpg,https://www.metro.ca/en/online-grocery/search-page-247
BÂTON ROUGE,3 Peppers Sauce,45 g,"2 / 
$4.00",,$4.44 /100g,"Regular price
$2.29  ea.","Valid until Jan 24, 2024",https://product-images.metro.ca/images/ha8/hdc/10072223154206.jpg,https://www.metro.ca/en/online-grocery/search-page-247
BÂTON ROUGE,Au Jus Sauce,34 g,"2 / 
$4.00",,$5.88 /100g,"Regular price
$2.29  ea.","Valid until Jan 24, 2024",https://product-images.metro.ca/images/h9b/hc8/10073362595870.jpg,https://www.metro.ca/en/online-grocery/search-page-247
THE UNSCENTED COMPANY,Wool Dryer Balls,115 g,"$20.99
 ea.",,$18.25 /100g,,,https://product-images.metro.ca/images/hc5/h2f/11583146885150.jpg,https://www.metro.ca/en/online-grocery/search-page-247
THE UNSCENTED COMPANY,Fragrance Free Liquid Laundry Detergent,78 loads - 1.95 L,"$16.99
 ea.",,$0.87 /100ml,,,https://product-images.metro.ca/images/h35/ha5/11583135481886.jpg,https://www.metro.ca/en/online-grocery/search-page-247
MIKES,Frozen Meat Lasagna,1 kg,"$19.99
 ea.",,$2.00 /100g,,,https://product-images.metro.ca/images/hac/h89/9653758591006.jpg,https://www.metro.ca/en/online-grocery/search-page-248
MIKES,Frozen Alfredo Sauce Penne With Chicken And Broccoli,1 kg,"$19.99
 ea.",,$2.00 /100g,,,https://product-images.metro.ca/images/h27/h42/9653757706270.jpg,https://www.metro.ca/en/online-grocery/search-page-248
CASA GRECQUE,Homestyle Dressing,425 mL,"$5.49
 ea.",,$1.29 /100ml,"Regular price
$5.99  ea.","Valid until Jan 24, 2024",https://product-images.metro.ca/images/hde/ha2/10072221253662.jpg,https://www.metro.ca/en/online-grocery/search-page-248
TOUJOURS MIKES,Frozen Cheese Sticks,530 g,"$13.99
 ea.",,$2.64 /100g,"Regular price
$14.99  ea.","Valid until Jan 17, 2024",https://product-images.metro.ca/images/h12/h48/10072224170014.jpg,https://www.metro.ca/en/online-grocery/search-page-248
BÂTON ROUGE,Demi Glace Sauce Mix,36 g,"2 / 
$4.00",,$5.56 /100g,"Regular price
$2.29  ea.","Valid until Jan 24, 2024",https://product-images.metro.ca/images/h7f/h97/10529687240734.jpg,https://www.metro.ca/en/online-grocery/search-page-248
UNSCENTED COMPANY,Hand Soap Refill,4 L,"$36.29
 ea.",,$0.91 /100ml,,,https://product-images.metro.ca/images/h6d/h90/10845293871134.jpg,https://www.metro.ca/en/online-grocery/search-page-248
BÂTON ROUGE,Red Wine Sauce Mix,45 g,"2 / 
$4.00",,$4.44 /100g,"Regular price
$2.29  ea.","Valid until Jan 24, 2024",https://product-images.metro.ca/images/h54/hbe/10095147188254.jpg,https://www.metro.ca/en/online-grocery/search-page-248
THAÏZONE,General Tao Marinade Sauce,425 mL,"$5.29
 ea.",,$1.24 /100ml,,,https://product-images.metro.ca/images/h0f/ha7/10938915684382.jpg,https://www.metro.ca/en/online-grocery/search-page-248
THE UNSCENTED COMPANY,Bar Soap,120 g,"$4.99
 ea.",,$4.16 /100g,,,https://product-images.metro.ca/images/hc4/h74/11583144951838.jpg,https://www.metro.ca/en/online-grocery/search-page-248
MIKES,Bruschetta Pasta Sauce,340 mL,"$5.49
 ea.",,$1.61 /100ml,"Regular price
$6.29  ea.","Valid until Jan 24, 2024",https://product-images.metro.ca/images/hdd/h26/10220852215838.jpg,https://www.metro.ca/en/online-grocery/search-page-248
MIKES,Smoked Meat Pasta Sauce,700 mL,"$6.79
 ea.",,$0.97 /100ml,,,https://product-images.metro.ca/images/h7f/h57/10200648581150.jpg,https://www.metro.ca/en/online-grocery/search-page-248
MIKES,Lasagna Pasta Sauce,700 mL,"$6.79
 ea.",,$0.97 /100ml,,,https://product-images.metro.ca/images/h79/h5c/10184704098334.jpg,https://www.metro.ca/en/online-grocery/search-page-248
BÂTON ROUGE,Chicken Breast Fillets With Barbecue Sauce,700 g,"$17.99
 ea.",,$2.57 /100g,,,https://product-images.metro.ca/images/h46/hfa/11449709985822.jpg,https://www.metro.ca/en/online-grocery/search-page-248
NIZORAL,Anti-Dandruff Shampoo,120 ml,"$20.99
 ea.",,$17.49 /100ml,,,https://product-images.metro.ca/images/he6/hfe/12050933678110.jpg,https://www.metro.ca/en/online-grocery/search-page-248
CASA GRECQUE,Caesar Dressing,425 mL,"$5.49
 ea.",,$1.29 /100ml,"Regular price
$5.99  ea.","Valid until Jan 24, 2024",https://product-images.metro.ca/images/h93/h92/10072221974558.jpg,https://www.metro.ca/en/online-grocery/search-page-248
BÂTON ROUGE,Previously Frozen Rib Style Sausages,400 g,"$9.99
 ea.",,$2.50 /100g,,,https://product-images.metro.ca/images/he2/heb/11432854192158.jpg,https://www.metro.ca/en/online-grocery/search-page-248
BEN & FLORENTINE,Sliced Smoked Ham,250 g,"$7.49
 ea.",,$3.00 /100g,,,https://product-images.metro.ca/images/h06/h62/11449693896734.jpg,https://www.metro.ca/en/online-grocery/search-page-248
BEN & FLORENTINE,Whole Smoked Ham,700 g,"$14.99
 ea.",,$2.14 /100g,,,https://product-images.metro.ca/images/h52/hc9/11449693306910.jpg,https://www.metro.ca/en/online-grocery/search-page-248
CASA GRECQUE,Greek Dressing,425 mL,"$5.49
 ea.",,$1.29 /100ml,"Regular price
$5.99  ea.","Valid until Jan 24, 2024",https://product-images.metro.ca/images/h2c/h73/12051008847902.jpg,https://www.metro.ca/en/online-grocery/search-page-248
MIKES,Rosée Pasta Sauce,435 mL,"$6.79
 ea.",,$1.56 /100ml,,,https://product-images.metro.ca/images/h39/h98/10319573188638.jpg,https://www.metro.ca/en/online-grocery/search-page-248
MIKES,Alfredo Pasta Sauce,410 mL,"$6.79
 ea.",,$1.66 /100ml,,,https://product-images.metro.ca/images/hbf/h7b/12354487418910.jpg,https://www.metro.ca/en/online-grocery/search-page-248
MIKES,Frozen Macaroni And Cheese,900 g,"$19.99
 ea.",,$2.22 /100g,,,https://product-images.metro.ca/images/h3e/hb1/11412676706334.jpg,https://www.metro.ca/en/online-grocery/search-page-248
MIKES,Frozen Cheese Manicotti,750 g,"$19.99
 ea.",,$2.67 /100g,,,https://product-images.metro.ca/images/h95/h59/11412676739102.jpg,https://www.metro.ca/en/online-grocery/search-page-248
BÂTON ROUGE,BBQ Sauce,45 g,"2 / 
$4.00",,$4.44 /100g,"Regular price
$2.29  ea.","Valid until Jan 24, 2024",https://product-images.metro.ca/images/h90/hee/11375035023390.jpg,https://www.metro.ca/en/online-grocery/search-page-248
CASA GRECQUE,4 Beef Steaks With Peppercorn Sauce,490 g,"$16.99
 ea.",,$3.47 /100g,,,https://product-images.metro.ca/images/haf/he3/10715743911966.jpg,https://www.metro.ca/en/online-grocery/search-page-248
BÂTON ROUGE,Korean BBQ Sauce,425 mL,"$6.49
 ea.",,$1.53 /100ml,,,https://product-images.metro.ca/images/hc5/he5/11742310891550.jpg,https://www.metro.ca/en/online-grocery/search-page-248
THAÏZONE,Mild Chili Marinade Sauce,425 mL,"$5.29
 ea.",,$1.24 /100ml,,,https://product-images.metro.ca/images/hc0/h6b/10939039154206.jpg,https://www.metro.ca/en/online-grocery/search-page-248
THAÏZONE,Teriyaki Sauce,425 mL,"$5.29
 ea.",,$1.24 /100ml,,,https://product-images.metro.ca/images/h2b/h23/10939132543006.jpg,https://www.metro.ca/en/online-grocery/search-page-248
THAÏZONE,Pad Sew Marinade Sauce,425 mL,"$5.29
 ea.",,$1.24 /100ml,,,https://product-images.metro.ca/images/h6c/h39/10939246444574.jpg,https://www.metro.ca/en/online-grocery/search-page-248
MIKES,Sliced Pepperoni,300 g,"$8.29
 ea.",,$2.76 /100g,,,https://product-images.metro.ca/images/h61/h6e/11157820997662.jpg,https://www.metro.ca/en/online-grocery/search-page-248
VALENTINE,Poutine Sauce,50 g,"2 / 
$4.00",,$4.00 /100g,"Regular price
$2.29  ea.","Valid until Jan 24, 2024",https://product-images.metro.ca/images/hec/h0b/11375098036254.jpg,https://www.metro.ca/en/online-grocery/search-page-249
BÂTON ROUGE,Poutine Gravy Mix,45 g,"2 / 
$4.00",,$4.44 /100g,"Regular price
$2.29  ea.","Valid until Jan 24, 2024",https://product-images.metro.ca/images/h5b/h93/11641491456030.jpg,https://www.metro.ca/en/online-grocery/search-page-249
MIKES,Rose Sauce Cheese Tortelloni,1 kg,"$19.99
 ea.",,$2.00 /100kg,,,https://product-images.metro.ca/images/haa/hde/11384407031838.jpg,https://www.metro.ca/en/online-grocery/search-page-249
THAÏZONE,Oriental Sauce,42 g,"2 / 
$4.00",,$4.76 /100g,"Regular price
$2.29  ea.","Valid until Jan 24, 2024",https://product-images.metro.ca/images/hec/hd3/11486273568798.jpg,https://www.metro.ca/en/online-grocery/search-page-249
THAÏZONE,Teriyaki Sauce,45 g,"2 / 
$4.00",,$4.44 /100g,"Regular price
$2.29  ea.","Valid until Jan 24, 2024",https://product-images.metro.ca/images/h04/hfd/11486335893534.jpg,https://www.metro.ca/en/online-grocery/search-page-249
THAÏZONE,Orange Sauce,45 g,"2 / 
$4.00",,$4.44 /100g,"Regular price
$2.29  ea.","Valid until Jan 24, 2024",https://product-images.metro.ca/images/h77/h5f/11488870563870.jpg,https://www.metro.ca/en/online-grocery/search-page-249
BÂTON ROUGE,Ginger-Lime Dressing,425 mL,"$5.49
 ea.",,$1.29 /100ml,"Regular price
$5.99  ea.","Valid until Jan 24, 2024",https://product-images.metro.ca/images/h61/h9a/12051075366942.jpg,https://www.metro.ca/en/online-grocery/search-page-249
WALTER,Vegan Caesar Mixed Tomato Juice,946 mL,"$8.49
 ea.",,$0.90 /100ml,"Regular price
$9.99  ea.","Valid until Jan 24, 2024",https://product-images.metro.ca/images/h28/hf5/9342906040350.jpg,https://www.metro.ca/en/online-grocery/search-page-249
BÂTON ROUGE,Traditional Onion Flavoured Ready To Serve Soup,540 mL,"$4.99
 ea.",,$0.92 /100ml,"Regular price
$5.99  ea.","Valid until Jan 24, 2024",https://product-images.metro.ca/images/hb3/h3c/12172025462814.jpg,https://www.metro.ca/en/online-grocery/search-page-249
Y KOMBUCHA,Organic Hop Suspension Kombucha,514 mL,"$4.29
 ea.",,$0.83 /100ml,,,https://product-images.metro.ca/images/hbb/h3f/9877577859102.jpg,https://www.metro.ca/en/online-grocery/search-page-249
Y KOMBUCHA,Organic Lemon Cohesion Kombucha,514 mL,"$4.29
 ea.",,$0.83 /100ml,,,https://product-images.metro.ca/images/h04/h7c/11432842723358.jpg,https://www.metro.ca/en/online-grocery/search-page-249
Y KOMBUCHA,Organic Raspberry Inspiration Kombucha,514 mL,"$4.29
 ea.",,$0.83 /100ml,,,https://product-images.metro.ca/images/h30/ha4/11432842788894.jpg,https://www.metro.ca/en/online-grocery/search-page-249
NOVA ERA,Portuguese Style Custard Tart,450 g,"$8.49
 ea.",,$1.89 /100g,"Regular price
$8.99  ea.","Valid until Jan 17, 2024",https://product-images.metro.ca/images/hfd/h72/11541254799390.jpg,https://www.metro.ca/en/online-grocery/search-page-249
WALTER,Extra Spicy Ceaser Mix Tomato Juice,946 mL,"$8.49
 ea.",,$0.90 /100ml,"Regular price
$9.99  ea.","Valid until Jan 24, 2024",https://product-images.metro.ca/images/he6/h91/10541720829982.jpg,https://www.metro.ca/en/online-grocery/search-page-249
LES SAVOUREUX,Organic Italian Seasoning,45 g,"$7.99
 ea.",,$17.76 /100g,,,https://product-images.metro.ca/images/h90/hbe/9928009547806.jpg,https://www.metro.ca/en/online-grocery/search-page-249
LES SAVOUREUX,Organic Greek Seasoning,35 g,"$7.99
 ea.",,$22.83 /100g,,,https://product-images.metro.ca/images/h30/h2a/9928051425310.jpg,https://www.metro.ca/en/online-grocery/search-page-249
LES SAVOUREUX,Organic Keto Friendly BBQ Seasoning,55 g,"$7.99
 ea.",,$14.53 /100g,,,https://product-images.metro.ca/images/hc4/h21/9927988641822.jpg,https://www.metro.ca/en/online-grocery/search-page-249
LES SAVOUREUX,Organic Keto Friendly Spicy Beast Seasoning,45 g,"$7.99
 ea.",,$17.76 /100g,,,https://product-images.metro.ca/images/hfd/ha0/9928064270366.jpg,https://www.metro.ca/en/online-grocery/search-page-249
LES SAVOUREUX,Organic Keto Friendly Mexican Seasoning,55 g,"$7.99
 ea.",,$14.53 /100g,,,https://product-images.metro.ca/images/h1a/h81/9928061386782.jpg,https://www.metro.ca/en/online-grocery/search-page-249
LES SAVOUREUX,Organic Keto Friendly Vegetable Seasoning,45 g,"$7.99
 ea.",,$17.76 /100g,,,https://product-images.metro.ca/images/h33/h77/9927964786718.jpg,https://www.metro.ca/en/online-grocery/search-page-249
LES SAVOUREUX,Organic Keto Friendly Steak Seasoning,65 g,"$7.99
 ea.",,$12.29 /100g,,,https://product-images.metro.ca/images/h32/hc8/9928044937246.jpg,https://www.metro.ca/en/online-grocery/search-page-249
SNÖ,Oat Based Frozen Dessert Sandwiches,3x100 mL,"$8.99
 ea.",,$3.00 /100ml,,,https://product-images.metro.ca/images/hcc/h64/11432850096158.jpg,https://www.metro.ca/en/online-grocery/search-page-249
MATEINA,Grapefruit And Guava Flavoured Energy Drink,355 mL,"$3.69
 ea.",,$1.04 /100ml,,,https://product-images.metro.ca/images/hfc/h7f/10531768172574.jpg,https://www.metro.ca/en/online-grocery/search-page-249
,Small Scallops,200 g,"$18.99
 ea.",,$9.50 /100g,,,https://product-images.metro.ca/images/h0c/h7f/10804063698974.jpg,https://www.metro.ca/en/online-grocery/search-page-249
FRUITS DE MER DU QUÉBEC,Nordic Shrimp,227 g,"$13.99
 ea.",,$6.16 /100g,,,https://product-images.metro.ca/images/h8d/h08/10804044496926.jpg,https://www.metro.ca/en/online-grocery/search-page-249
,Frozen Cooked Crabmeat,170 g,"$13.99
 ea.",,$8.23 /100g,,,https://product-images.metro.ca/images/hdc/h1a/12051023495198.jpg,https://www.metro.ca/en/online-grocery/search-page-249
,Seafood Pizza,300 g,"$13.99
 ea.",,$4.66 /100g,,,https://product-images.metro.ca/images/h38/h77/12019025379358.jpg,https://www.metro.ca/en/online-grocery/search-page-249
,Frozen Cooked Shrimp And Raw Scallops Duo,250 g,"$18.99
 ea.",,$7.60 /100g,,,https://www.metro.ca/images/shared/placeholders/icon-no-picture.svg?v=2023.71.1.d1,https://www.metro.ca/en/online-grocery/search-page-249
,Island Seafood Shells,250 g,"$11.99
 ea.",,$4.80 /100g,,,https://product-images.metro.ca/images/h34/hea/12018957287454.jpg,https://www.metro.ca/en/online-grocery/search-page-249
,Frozen Raw Large Scallops,150 g,"$19.99
 ea.",,$13.33 /100g,,,https://product-images.metro.ca/images/hd6/hf0/12259553116190.jpg,https://www.metro.ca/en/online-grocery/search-page-249
,Seafood Linguine,325 g,"$13.99
 ea.",,$4.30 /100g,,,https://product-images.metro.ca/images/h46/h67/12019021021214.jpg,https://www.metro.ca/en/online-grocery/search-page-250
,Frozen Cooked Lobster Meat,170 g,"$29.99
 ea.",,$17.64 /100g,,,https://product-images.metro.ca/images/hf0/hd2/10957804109854.jpg,https://www.metro.ca/en/online-grocery/search-page-250
,Lobster Mac And Cheese,300 g,"$14.99
 ea.",,$5.00 /100g,,,https://product-images.metro.ca/images/hbb/hfa/12018989498398.jpg,https://www.metro.ca/en/online-grocery/search-page-250
SNO VEGAN,Chocolate Fudge And Brownie Flavoured Frozen Desert,500 mL,"$8.49
 ea.",,$8.49 /un.,,,https://product-images.metro.ca/images/hc1/h49/11107993747486.jpg,https://www.metro.ca/en/online-grocery/search-page-250
SNO VEGAN,Salted Caramel Dulce De La Lichée Frozen Dessert,500 mL,"$8.49
 ea.",,$8.49 /un.,,,https://product-images.metro.ca/images/h60/hd9/11107995844638.jpg,https://www.metro.ca/en/online-grocery/search-page-250
SNO VEGAN,Triple Caramel Iced Bar With Chocolatey Coating,3x90 mL,"$8.99
 ea.",,$3.33 /100ml,,,https://product-images.metro.ca/images/hed/h4b/11198252777502.jpg,https://www.metro.ca/en/online-grocery/search-page-250
SNÖ,Non Dairy Vanilla Sundae Flavoured Frozen Dessert,3x120 mL,"$8.99
 ea.",,$2.50 /100ml,,,https://product-images.metro.ca/images/had/h5d/12051424280606.jpg,https://www.metro.ca/en/online-grocery/search-page-250
GEPARCO,Small Sardine,750 g,"$6.99
 ea.",,$0.93 /100g,,,https://product-images.metro.ca/images/hce/h3e/10825170812958.jpg,https://www.metro.ca/en/online-grocery/search-page-250
SMOOTH MEALS,Coffee And Maca Flavoured Energizer Smoothie,400 mL,"$6.99
 ea.",,$1.75 /100ml,,,https://product-images.metro.ca/images/h38/h89/9695605981214.jpg,https://www.metro.ca/en/online-grocery/search-page-250
SMOOTH MEALS,Strawberry And Black Cherry Flavoured Vital C Smoothie,400 mL,"$6.99
 ea.",,$1.75 /100ml,,,https://product-images.metro.ca/images/h37/hbe/9695674794014.jpg,https://www.metro.ca/en/online-grocery/search-page-250
SMOOTH MEALS,Wild Blueberry Flavoured Antioxidant Smoothie,400 mL,"$6.99
 ea.",,$1.75 /100ml,,,https://product-images.metro.ca/images/hd1/h2e/9695673843742.jpg,https://www.metro.ca/en/online-grocery/search-page-250
SMOOTH MEALS,Cocoa Flavoured Protein Muscle Smoothie,400 mL,"$6.99
 ea.",,$1.75 /100ml,,,https://product-images.metro.ca/images/h6c/h41/9695673122846.jpg,https://www.metro.ca/en/online-grocery/search-page-250
SMOOTH MEALS,"Spinach, Avocado And Lime Flavoured Green Bliss Smoo...",400 mL,"$6.99
 ea.",,$1.75 /100ml,,,,https://www.metro.ca/en/online-grocery/search-page-250
WHOLLY VEGGIE,Frozen Broccoli Florets With Kung Pao Sauce,375 g,"$8.29
 ea.",,$2.21 /100g,,,https://product-images.metro.ca/images/h14/h92/11669722333214.jpg,https://www.metro.ca/en/online-grocery/search-page-250
WHOLLY VEGGIE,Frozen Buffalo Cauliflower Wings,375 g,"$8.29
 ea.",,$2.21 /100g,,,https://product-images.metro.ca/images/hf9/h18/11669722431518.jpg,https://www.metro.ca/en/online-grocery/search-page-250
MONSIEUR COCKTAIL,Quebec'S Tonic,250 mL,"$13.99
 ea.",,$5.60 /100ml,,,https://product-images.metro.ca/images/h5f/he4/11198152179742.jpg,https://www.metro.ca/en/online-grocery/search-page-250
MONSIEUR COCKTAIL,Grenadine Du Terroir,250 mL,"$13.99
 ea.",,$5.60 /100ml,,,https://product-images.metro.ca/images/hcf/h6e/9379305979934.jpg,https://www.metro.ca/en/online-grocery/search-page-250
MONSIEUR COCKTAIL,Unicorn Syrup,250 mL,"$15.99
 ea.",,$6.40 /100ml,,,https://product-images.metro.ca/images/h55/hb1/11198156505118.jpg,https://www.metro.ca/en/online-grocery/search-page-250
MONSIEUR COCKTAIL,Ginger Syrup,250 mL,"$12.99
 ea.",,$5.20 /100ml,,,https://product-images.metro.ca/images/hf0/h19/10278196117534.jpg,https://www.metro.ca/en/online-grocery/search-page-250
MONSIEUR COCKTAIL,Love Tonic Syrup,250 mL,"$13.99
 ea.",,$5.60 /100ml,,,https://product-images.metro.ca/images/ha7/hab/10278196248606.jpg,https://www.metro.ca/en/online-grocery/search-page-250
MONSIEUR COCKTAIL,Gym Tonic,250 mL,"$13.99
 ea.",,$2.80 /100ml,,,https://product-images.metro.ca/images/h99/hf2/11198153523230.jpg,https://www.metro.ca/en/online-grocery/search-page-250
MONSIEUR COCKTAIL,Lime Syrup,250 mL,"$13.99
 ea.",,$5.60 /100ml,,,https://product-images.metro.ca/images/h73/h7a/11198157062174.jpg,https://www.metro.ca/en/online-grocery/search-page-250
LE MONDE EST SCONE,"Maple Syrup, Cranberry And Lavender Flavoured Mini S...",16x25 g,"$9.99
 ea.",,$2.50 /100g,,,,https://www.metro.ca/en/online-grocery/search-page-250
LE MONDE EST SCONE,Plain Scones,400 g,"$9.99
 ea.",,$2.50 /100g,,,https://product-images.metro.ca/images/h2f/h0f/11571063783454.jpg,https://www.metro.ca/en/online-grocery/search-page-250
LE MONDE EST SCONE,Cheddar Flavoured Scones,400 g,"$9.99
 ea.",,$2.50 /100g,,,https://product-images.metro.ca/images/h48/hea/11571087441950.jpg,https://www.metro.ca/en/online-grocery/search-page-250
MONSIEUR COCKTAIL,Raspberry Syrup,250 mL,"$13.99
 ea.",,$5.60 /100ml,,,https://product-images.metro.ca/images/hde/h71/10278229278750.jpg,https://www.metro.ca/en/online-grocery/search-page-250
MONSIEUR COCKTAIL,Floral Tonic,250 mL,"$13.99
 ea.",,$5.60 /100ml,,,https://product-images.metro.ca/images/h9b/h22/9999454142494.jpg,https://www.metro.ca/en/online-grocery/search-page-250
LE MONDE EST SCONE,Cranberry Flavoured Scones,400 g,"$9.99
 ea.",,$2.50 /100g,,,https://product-images.metro.ca/images/h56/h4f/11571087671326.jpg,https://www.metro.ca/en/online-grocery/search-page-250
MONSIEUR COCKTAIL,Keto Simple Syrup,250 mL,"$12.99
 ea.",,$5.20 /100ml,,,https://product-images.metro.ca/images/hdc/h7e/11198168530974.jpg,https://www.metro.ca/en/online-grocery/search-page-250
MONSIEUR COCKTAIL,Litchi Syrup,250 mL,"$12.99
 ea.",,$5.20 /100ml,,,https://product-images.metro.ca/images/h41/he1/11198171086878.jpg,https://www.metro.ca/en/online-grocery/search-page-250
MONSIEUR COCKTAIL,Honey And Passion Fruit Flavoured Licorne Émeraude C...,250 mL,"$15.99
 ea.",,$6.40 /100ml,,,,https://www.metro.ca/en/online-grocery/search-page-251
MONSIEUR COCKTAIL,Melon And Rhubarb Flavoured Licorne Rose Cocktail Syrup,250 mL,"$15.99
 ea.",,$6.40 /100ml,,,https://product-images.metro.ca/images/h95/h47/10278221479966.jpg,https://www.metro.ca/en/online-grocery/search-page-251
PAPA OURS,Pineapple An Rhum Pirate Bbq Sauce,350 mL,"$10.99
 ea.",,$3.14 /100ml,,,https://product-images.metro.ca/images/hbe/h17/10246627983390.jpg,https://www.metro.ca/en/online-grocery/search-page-251
PAPA OURS,Buffalo Cowboy Bbq Sauce,350 mL,"$10.99
 ea.",,$3.14 /100ml,,,https://product-images.metro.ca/images/hbd/hd1/10244431511582.jpg,https://www.metro.ca/en/online-grocery/search-page-251
PAPA OURS,Alabama Bbq Sauce,350 mL,"$10.99
 ea.",,$3.14 /100ml,,,https://product-images.metro.ca/images/hae/h17/10246353977374.jpg,https://www.metro.ca/en/online-grocery/search-page-251
MONSIEUR COCKTAIL,Non-Alcoholic Amaretto,700 mL,"$24.99
 ea.",,$3.57 /100ml,"Regular price
$29.99  ea.","Valid until Feb 7, 2024",https://product-images.metro.ca/images/he3/h73/11236291706910.jpg,https://www.metro.ca/en/online-grocery/search-page-251
MONSIEUR COCKTAIL,Non-Alcoholic Pink Gin,700 mL,"$19.99
 ea.",,$2.86 /100ml,"Regular price
$29.99  ea.","Valid until Feb 7, 2024",https://product-images.metro.ca/images/h7d/hbd/11236290461726.jpg,https://www.metro.ca/en/online-grocery/search-page-251
MONSIEUR COCKTAIL,Non-Alcoholic Spritz,700 mL,"$19.99
 ea.",,$2.86 /100ml,"Regular price
$29.99  ea.","Valid until Feb 7, 2024",https://product-images.metro.ca/images/hec/h57/11236292034590.jpg,https://www.metro.ca/en/online-grocery/search-page-251
LULUBELLE,Gingerbread Cookie Mix,400 g,"$8.29
 ea.",,$2.07 /100g,,,https://product-images.metro.ca/images/h58/hc5/10268516384798.jpg,https://www.metro.ca/en/online-grocery/search-page-251
WHOLLY VEGGIE,Frozen Sweet Potato Popcorn,320 g,"$8.49
 ea.",,$2.65 /100g,,,https://product-images.metro.ca/images/hcb/he2/11669728919582.jpg,https://www.metro.ca/en/online-grocery/search-page-251
MONSIEUR COCKTAIL,Gin 0% Cocktail Mix,700 mL,"$19.99
 ea.",,$2.86 /100ml,"Regular price
$29.99  ea.","Valid until Feb 7, 2024",https://product-images.metro.ca/images/hf2/h48/10711493902366.jpg,https://www.metro.ca/en/online-grocery/search-page-251
VITAL,Maple And Pepper Marinade,350 mL,"$7.99
 ea.",,$2.28 /100ml,"Regular price
$8.99  ea.","Valid until Jan 24, 2024",https://product-images.metro.ca/images/ha3/hb5/11374960443422.jpg,https://www.metro.ca/en/online-grocery/search-page-251
1642,Light Tonic,4x275 mL,"$8.99
 ea.",,$3.27 /100ml,"Regular price
$9.99  ea.","Valid until Jan 24, 2024",https://product-images.metro.ca/images/hda/h0f/9927963181086.jpg,https://www.metro.ca/en/online-grocery/search-page-251
LOOUNIE CUISINE,Magic Tofu,430 g,"$11.99
 ea.",,$2.79 /100g,,,https://product-images.metro.ca/images/hc0/he5/11461889556510.jpg,https://www.metro.ca/en/online-grocery/search-page-251
LE GREC,Spanish Dip,280 g,"$5.99
 ea.",,$2.14 /100g,,,https://product-images.metro.ca/images/h05/hdf/10454918430750.jpg,https://www.metro.ca/en/online-grocery/search-page-251
ARCTIC GARDENS,Frozen Broccoli Floret,450 g,"$5.49
 ea.",,$1.22 /100g,,,https://product-images.metro.ca/images/h08/h64/11022341767198.jpg,https://www.metro.ca/en/online-grocery/search-page-251
KETTLE,Gluten Free Sea Salt Chips,198 g,"2 / 
$7.50",,$1.89 /100g,"Regular price
$4.49  ea.","Valid until Jan 24, 2024",https://product-images.metro.ca/images/h19/h17/11463555874846.jpg,https://www.metro.ca/en/online-grocery/search-page-251
SUMMER FRESH,Barbecue Flavoured Hummus,118 g,"$3.29
 ea.",,$2.79 /100g,,,https://product-images.metro.ca/images/hc8/h7a/12192332775454.jpg,https://www.metro.ca/en/online-grocery/search-page-251
SUMMER FRESH,Loaded Spinach Dip,118 g,"$3.29
 ea.",,$2.79 /100g,,,https://product-images.metro.ca/images/ha6/he5/12192406929438.jpg,https://www.metro.ca/en/online-grocery/search-page-251
TWO-BITE,Oreo Flavoured Mini Cupcakes,273 g,"$7.99
 ea.",,$2.93 /100g,,,https://product-images.metro.ca/images/ha1/h39/11571067060254.jpg,https://www.metro.ca/en/online-grocery/search-page-251
KIMBERLEY'S BAKESHOPPE,Oreo™ Cookies And Creme Flavourd Cookies,383 g,"$7.99
 ea.",,$2.09 /100g,,,https://product-images.metro.ca/images/h06/hd0/12354479194142.jpg,https://www.metro.ca/en/online-grocery/search-page-251
BARRFLY,Passion Fruit Flavoured Non-Alcoholic Mojito Style D...,4x355 mL,"$8.99
 ea.",,$0.63 /100ml,"Regular price
$9.99  ea.","Valid until Feb 7, 2024",,https://www.metro.ca/en/online-grocery/search-page-251
BARRFLY,Non-Alcoholic Margarita Style Drink,4x355 mL,"$8.99
 ea.",,$0.63 /100ml,"Regular price
$9.99  ea.","Valid until Feb 7, 2024",https://product-images.metro.ca/images/h48/hcc/10715825700894.jpg,https://www.metro.ca/en/online-grocery/search-page-251
BARRFLY,Non-Alcoholic Gin Tonic Style Drink,4x355 mL,"$8.99
 ea.",,$0.63 /100ml,"Regular price
$9.99  ea.","Valid until Feb 7, 2024",https://product-images.metro.ca/images/hee/hb5/10715805679646.jpg,https://www.metro.ca/en/online-grocery/search-page-251
CASAL DOMINGO,"Alcohol-Free Wine Beverage Variety Pack, Splash Pack",12x355 mL,"$14.99
 ea.",,$0.35 /100ml,"Regular price
$17.99  ea.","Valid until Feb 7, 2024",,https://www.metro.ca/en/online-grocery/search-page-251
CASAL DOMINGO,Organic Berry Zest Flavoured Non-Alcoholic Beverage,355 mL,"$1.79
 ea.",,$0.50 /100ml,,,https://www.metro.ca/images/shared/placeholders/icon-no-picture.svg?v=2023.71.1.d1,https://www.metro.ca/en/online-grocery/search-page-251
CASAL DOMINGO,0% Tropical Fruits Flavoured Cooler,341 mL,"$5.99
 ea.",,$0.44 /100ml,"Regular price
$7.29  ea.","Valid until Feb 7, 2024",https://product-images.metro.ca/images/h7a/hcc/12192286572574.jpg,https://www.metro.ca/en/online-grocery/search-page-251
CASAL DOMINGO,0% Peach Flavoured Cooler,341 mL,"$5.99
 ea.",,$1.76 /100ml,"Regular price
$7.29  ea.","Valid until Feb 7, 2024",https://product-images.metro.ca/images/h22/hb4/11375286911006.jpg,https://www.metro.ca/en/online-grocery/search-page-251
CASAL DOMINGO,Wildberry Flavoured Cooler,4x341 mL,"$5.99
 ea.",,$0.44 /100ml,"Regular price
$7.29  ea.","Valid until Feb 7, 2024",https://product-images.metro.ca/images/h94/hfa/11375518908446.jpg,https://www.metro.ca/en/online-grocery/search-page-251
BULLES NUIT,Non-Alcoholic Sparkling Wine,750 mL,"$9.99
 ea.",,$1.33 /100ml,,,https://product-images.metro.ca/images/h3e/h63/12122418872350.jpg,https://www.metro.ca/en/online-grocery/search-page-251
O'SOLE MIO,Skillet Potato Gnocchi,350 g,"$5.49
 ea.",,$1.57 /100g,,,https://product-images.metro.ca/images/h36/hef/10101153529886.jpg,https://www.metro.ca/en/online-grocery/search-page-252
O SOLE MIO,Arrabbiata Sauce,300 mL,"$5.99
 ea.",,$2.00 /100ml,,,https://product-images.metro.ca/images/hf0/h73/10946402910238.jpg,https://www.metro.ca/en/online-grocery/search-page-252
O SOLE MIO,Italian Sausage Tortellini,255 g,"$5.49
 ea.",,$2.15 /100g,,,https://product-images.metro.ca/images/hb6/h2a/10695870087198.jpg,https://www.metro.ca/en/online-grocery/search-page-252
O SOLE MIO,Basil Pesto,165 g,"$5.99
 ea.",,$3.63 /100g,,,https://product-images.metro.ca/images/h6a/h1f/11117460684830.jpg,https://www.metro.ca/en/online-grocery/search-page-252
O SOLE MIO,Frozen Cheese And Spinach Manicotti,2x540 g,"$12.00
 ea.",,$1.11 /100g,,,https://product-images.metro.ca/images/h9e/h8f/10882932211742.jpg,https://www.metro.ca/en/online-grocery/search-page-252
TRADITION,Clementine And Lemonade Flavoured Sparkling Juice,750 mL,"$5.49
 ea.",,$0.73 /100ml,"Regular price
$6.99  ea.","Valid until Jan 10, 2024",https://product-images.metro.ca/images/h81/ha7/9751277568030.jpg,https://www.metro.ca/en/online-grocery/search-page-252
FONTAINE FAMILY,Lean Ground Veal,454 g,"$9.49
 ea.",,$2.09 /100g,,,https://product-images.metro.ca/images/h68/h6a/9961898901534.jpg,https://www.metro.ca/en/online-grocery/search-page-252
FORMEDICA,Size L/XL Disposable All Purpose Blue Nitrile Gloves,30 un,"$6.99
 ea.",,$0.23 /un.,,,https://product-images.metro.ca/images/h34/hd7/9877884928030.jpg,https://www.metro.ca/en/online-grocery/search-page-252
FORMEDICA,Size S/M Disposable All Purpose Blue Nitrile Gloves,30 un,"$6.99
 ea.",,$0.23 /un.,,,https://product-images.metro.ca/images/h5c/h54/9871536422942.jpg,https://www.metro.ca/en/online-grocery/search-page-252
FONTAINE FAMILY,Lean Ground Beef,454 g,"$9.99
 ea.",,$2.20 /100g,,,https://product-images.metro.ca/images/hbf/hc2/10882870935582.jpg,https://www.metro.ca/en/online-grocery/search-page-252
TRADITION,Sparkling Lime Lemonade,750 mL,"$5.49
 ea.",,$0.73 /100ml,"Regular price
$6.99  ea.","Valid until Jan 10, 2024",https://product-images.metro.ca/images/h7f/h78/10095167307806.jpg,https://www.metro.ca/en/online-grocery/search-page-252
TRADITION,Mango Flavoured Sparkling Juice,750 mL,"$5.49
 ea.",,$0.73 /100ml,"Regular price
$6.99  ea.","Valid until Jan 10, 2024",https://product-images.metro.ca/images/he5/h9f/10711557931038.jpg,https://www.metro.ca/en/online-grocery/search-page-252
TRADITION,Organic Apple Juice 100%,1.5 L,"$4.99
 ea.",,$0.33 /100ml,,,https://product-images.metro.ca/images/h1b/h55/11754489249822.jpg,https://www.metro.ca/en/online-grocery/search-page-252
TRADITION,Lemon Lemonade,2.25 L,"$5.49
 ea.",,$0.24 /100ml,"Regular price
$5.99  ea.","Valid until Jan 17, 2024",https://product-images.metro.ca/images/h75/h73/11754372956190.jpg,https://www.metro.ca/en/online-grocery/search-page-252
TRADITION,Fresh Apple Juice,2.25 L,"$6.49
 ea.",,$0.29 /100ml,"Regular price
$6.99  ea.","Valid until Jan 17, 2024",https://product-images.metro.ca/images/hf7/hf5/11754387406878.jpg,https://www.metro.ca/en/online-grocery/search-page-252
TRADITION,Raspberry And Strawberry Flavoured Lemonade,2.25 L,"$5.49
 ea.",,$0.24 /100ml,"Regular price
$5.99  ea.","Valid until Jan 17, 2024",https://product-images.metro.ca/images/h83/h93/11754380820510.jpg,https://www.metro.ca/en/online-grocery/search-page-252
TRADITION,Organic Lemonade,750 mL,"$6.99
 ea.",,$0.93 /100ml,,,https://product-images.metro.ca/images/h52/h26/11691909513246.jpg,https://www.metro.ca/en/online-grocery/search-page-252
LOTO-QUÉBEC,Double Jeu Max + Extra,1 un,"$8.00
 ea.",,$8.00 /un.,,,https://product-images.metro.ca/images/h3e/hd9/10134960668702.jpg,https://www.metro.ca/en/online-grocery/search-page-252
LOTO-QUÉBEC,Double Jeu 49,1 un,"$4.00
 ea.",,$4.00 /un.,,,https://product-images.metro.ca/images/hb1/h4a/10135278190622.jpg,https://www.metro.ca/en/online-grocery/search-page-252
LOTO-QUÉBEC,Double Jeu Max,1 un,"$7.00
 ea.",,$7.00 /un.,,,https://product-images.metro.ca/images/h88/h8b/10132747616286.jpg,https://www.metro.ca/en/online-grocery/search-page-252
LOTO-QUÉBEC,Double Jeu 49 + Extra,1 un,"$5.00
 ea.",,$5.00 /un.,,,https://product-images.metro.ca/images/hec/h9e/10135278223390.jpg,https://www.metro.ca/en/online-grocery/search-page-252
LOTO-QUÉBEC,777 5$,1 un,"$5.00
 ea.",,$5.00 /un.,,,https://product-images.metro.ca/images/he8/h9b/11666094915614.jpg,https://www.metro.ca/en/online-grocery/search-page-252
LOTO-QUÉBEC,777 2$,1 un,"$2.00
 ea.",,$2.00 /un.,,,https://product-images.metro.ca/images/had/h67/11665643896862.jpg,https://www.metro.ca/en/online-grocery/search-page-252
LOTO-QUÉBEC,Slingo Trio Néon,1 un,"$3.00
 ea.",,$3.00 /un.,,,https://product-images.metro.ca/images/hdc/h52/11772099166238.jpg,https://www.metro.ca/en/online-grocery/search-page-252
LOTO-QUÉBEC,Mega 360,1 un,"$5.00
 ea.",,$5.00 /un.,,,https://product-images.metro.ca/images/hdf/h77/11772135276574.jpg,https://www.metro.ca/en/online-grocery/search-page-252
LOTO-QUÉBEC,Giga 360,1 un,"$10.00
 ea.",,$10.00 /un.,,,https://product-images.metro.ca/images/h6e/h47/11772143140894.jpg,https://www.metro.ca/en/online-grocery/search-page-252
LOTO-QUÉBEC,Cadeau Surprise,1 un,"$3.00
 ea.",,$3.00 /un.,,,https://product-images.metro.ca/images/hbd/hef/11994925236254.jpg,https://www.metro.ca/en/online-grocery/search-page-252
LOTO-QUÉBEC,Bingo Édition Des Fêtes,1 un,"$3.00
 ea.",,$3.00 /un.,,,,https://www.metro.ca/en/online-grocery/search-page-252
LOTO-QUÉBEC,Mots Cachés Édition Des Fêtes,1 un,"$5.00
 ea.",,$5.00 /un.,,,,https://www.metro.ca/en/online-grocery/search-page-252
LOTO-QUÉBEC,7 Chanceux De Noel,1 un,"$1.00
 ea.",,$1.00 /un.,,,https://product-images.metro.ca/images/h01/hba/12051096403998.jpg,https://www.metro.ca/en/online-grocery/search-page-252
LOTO-QUÉBEC,Gagnant À Vie,1 un,"$5.00
 ea.",,$5.00 /un.,,,https://product-images.metro.ca/images/h86/h7f/12075482742814.jpg,https://www.metro.ca/en/online-grocery/search-page-253
GRIZZLY,Frozen Salmon Tartare With Classic Marinade,140 g,"$11.99
 ea.",,$8.56 /100g,,,https://product-images.metro.ca/images/h5e/h55/9534567874590.jpg,https://www.metro.ca/en/online-grocery/search-page-253
GRIZZLY,Frozen Tuna Tartare With Asian Style Marinade,140 g,"$11.99
 ea.",,$8.56 /100g,,,https://product-images.metro.ca/images/h27/h0c/11401375973406.jpg,https://www.metro.ca/en/online-grocery/search-page-253
ISABELLE HUOT,Fish And Vegetables Seasoning,100 g,"$7.99
 ea.",,$7.99 /100g,,,https://product-images.metro.ca/images/h45/haa/9961835003934.jpg,https://www.metro.ca/en/online-grocery/search-page-253
ISABELLE HUOT,Vegetables Seasoning,100 g,"$7.99
 ea.",,$7.99 /100g,,,https://product-images.metro.ca/images/h98/hed/9961827631134.jpg,https://www.metro.ca/en/online-grocery/search-page-253
DUBRETON,Organic Chorizo,65 g,"$7.49
 ea.",,$11.52 /100g,"Regular price
$7.99  ea.","Valid until Jan 17, 2024",https://product-images.metro.ca/images/h4d/h5f/9534719787038.jpg,https://www.metro.ca/en/online-grocery/search-page-253
ROMA,Italian Sausage Patty,440 g,"$7.99
 ea.",,$1.82 /100g,,,https://product-images.metro.ca/images/haa/h97/11432674230302.jpg,https://www.metro.ca/en/online-grocery/search-page-253
ROMA,Spicy Caserta Pepperoni,200 g,"$3.49
 ea.",,$1.75 /100g,"Regular price
$3.99  ea.","Valid until Jan 17, 2024",https://product-images.metro.ca/images/h91/hf1/11188529332254.jpg,https://www.metro.ca/en/online-grocery/search-page-253
SUBLIME,"Authentic French Macaroons, Classic Collection",180 g,"$15.99
 ea.",,$8.88 /100g,,,,https://www.metro.ca/en/online-grocery/search-page-253
GRIZZLY,Smoked BBQ Flavoured Salmon Burger,100 g,"$10.99
 ea.",,$10.99 /100g,,,https://product-images.metro.ca/images/hf0/hd9/11384471322654.jpg,https://www.metro.ca/en/online-grocery/search-page-253
ROMA,Chorizo Jumbo Sausage,4x125 g,"$7.99
 ea.",,$1.60 /100g,,,https://product-images.metro.ca/images/h92/h6c/11511787946014.jpg,https://www.metro.ca/en/online-grocery/search-page-253
ROMA,Chianti Wine Salami,175 g,"$9.99
 ea.",,$5.71 /100g,,,https://product-images.metro.ca/images/h99/h50/11571254427678.jpg,https://www.metro.ca/en/online-grocery/search-page-253
ROMA,Black Pepper Genova Salamino,175 g,"$9.99
 ea.",,$5.71 /100g,,,https://product-images.metro.ca/images/he8/hb7/11571124863006.jpg,https://www.metro.ca/en/online-grocery/search-page-253
ROMA,Fennel Salamino,175 g,"$9.99
 ea.",,$5.71 /100g,,,https://product-images.metro.ca/images/h54/h52/11571284377630.jpg,https://www.metro.ca/en/online-grocery/search-page-253
PONTI,Balsamic Vinegar Of Modena Aged 12 Months Glaze,250 mL,"$7.29
 ea.",,$2.92 /100ml,,,https://product-images.metro.ca/images/h60/h7e/11386301612062.jpg,https://www.metro.ca/en/online-grocery/search-page-253
DE CECCO,"Wheat Semolina Pasta With Egg, Filini N 613",250 g,"$1.99
 ea.",,$0.80 /100g,"Regular price
$2.29  ea.","Valid until Jan 24, 2024",,https://www.metro.ca/en/online-grocery/search-page-253
MAG,Classic Mayonnaise,890 mL,"$8.49
 ea.",,$0.95 /100ml,,,https://product-images.metro.ca/images/h16/h45/12050968150046.jpg,https://www.metro.ca/en/online-grocery/search-page-253
MAG,Trio Of Fondue Sauces,3x120 g,"$6.99
 ea.",,$1.94 /100g,"Regular price
$7.99  ea.","Valid until Jan 17, 2024",https://product-images.metro.ca/images/hbc/hee/11432887943198.jpg,https://www.metro.ca/en/online-grocery/search-page-253
RIO MARE,Lemon And Black Pepper Flavoured Solid Light Tuna In...,3x80 g,"$8.99
 ea.",,$3.75 /100g,,,,https://www.metro.ca/en/online-grocery/search-page-253
RIO MARE,Light Tuna In Olive Oil,180 g,"$8.79
 ea.",,$4.88 /100g,,,https://product-images.metro.ca/images/h3b/h0b/11883476090910.jpg,https://www.metro.ca/en/online-grocery/search-page-253
RIO MARE,Solid Light Tuna In Olive Oil,2x160 g,"$7.49
 ea.",,$2.34 /100g,,,https://product-images.metro.ca/images/h5b/hde/10250395910174.jpg,https://www.metro.ca/en/online-grocery/search-page-253
RIO MARE,"Chickpeas With Carrots And Zucchini Tuna Salad, Insa...",160 g,"$5.29
 ea.",,$3.31 /100g,,,,https://www.metro.ca/en/online-grocery/search-page-253
CAFÉ WILLIAM,Select Harvest Whole Bean Coffee,300 g,"$12.49
 ea.",,$4.16 /100g,,,https://product-images.metro.ca/images/ha7/h5e/10009519685662.jpg,https://www.metro.ca/en/online-grocery/search-page-253
CAFÉ WILLIAM,Americano Coffee Capsules,60 un,"$32.99
 ea.",,$366.56 /100g,,,https://product-images.metro.ca/images/hc4/hc5/11198484021278.jpg,https://www.metro.ca/en/online-grocery/search-page-253
CAFÉ WILLIAM,Medium Decaf Ground Coffee,908 g,"$20.49
 ea.",,$3.42 /100g,,,https://product-images.metro.ca/images/ha1/hc9/11559826587678.jpg,https://www.metro.ca/en/online-grocery/search-page-253
MISURA,Whole Wheat Cookies,330 g,"$4.69
 ea.",,$1.42 /100g,"Regular price
$5.49  ea.","Valid until Jan 24, 2024",https://product-images.metro.ca/images/h3d/h83/9323704156190.jpg,https://www.metro.ca/en/online-grocery/search-page-253
FRESH GOURMET,Cheese And Garlic Flavoured Organic Croutons,128 g,"$4.99
 ea.",,$3.90 /100g,,,https://product-images.metro.ca/images/h5c/heb/11257179996190.jpg,https://www.metro.ca/en/online-grocery/search-page-253
FRESH GOURMET,Ranch Crouton,142 g,"$3.99
 ea.",,$2.81 /100g,,,https://product-images.metro.ca/images/h60/h72/11191543234590.jpg,https://www.metro.ca/en/online-grocery/search-page-253
FRESH GOURMET,Gluten Free Parmesan Cheese Crisps,50 g,"$4.99
 ea.",,$9.98 /100g,"Regular price
$5.99  ea.","Valid until Jan 10, 2024",https://product-images.metro.ca/images/h7c/heb/11191543332894.jpg,https://www.metro.ca/en/online-grocery/search-page-253
FRESHGOURMET,Sea Salt And Butter Flavour Croutons,128 g,"$3.99
 ea.",,$2.81 /100g,,,https://product-images.metro.ca/images/h3d/h90/11826003804190.jpg,https://www.metro.ca/en/online-grocery/search-page-253
FAVUZZI,Pizza Tomato Sauce,240 mL,"$6.29
 ea.",,$2.62 /100ml,,,https://product-images.metro.ca/images/h15/h14/9383700824094.jpg,https://www.metro.ca/en/online-grocery/search-page-254
JOE BEEF,Jalapeno Mustard,212 mL,"$8.99
 ea.",,$4.24 /100ml,,,https://product-images.metro.ca/images/h94/h6c/11375335997470.jpg,https://www.metro.ca/en/online-grocery/search-page-254
JOE BEEF,Apple Flavoured Dijon Mustard,212 mL,"$8.99
 ea.",,$4.24 /100ml,,,https://product-images.metro.ca/images/h12/h3f/11375141683230.jpg,https://www.metro.ca/en/online-grocery/search-page-254
JOE BEEF,Spicy Carrots Mustard,212 mL,"$8.99
 ea.",,$4.24 /100ml,,,https://product-images.metro.ca/images/hcb/ha7/11375464480798.jpg,https://www.metro.ca/en/online-grocery/search-page-254
GOGO QUINOA,Sriracha Flavoured Organic Gluten Free Quino Puff Sn...,113 g,"$3.99
 ea.",,$3.53 /100g,,,,https://www.metro.ca/en/online-grocery/search-page-254
GOGO QUINOA,"Vegan White Cheddar Quinoa Puff Snacks, Puffs",113 g,"$3.99
 ea.",,$3.53 /100g,,,,https://www.metro.ca/en/online-grocery/search-page-254
GOGO QUINOA,Pink Salt And Vinegar Flavoured Organic Gluten Free ...,113 g,"$3.99
 ea.",,$3.53 /100g,,,,https://www.metro.ca/en/online-grocery/search-page-254
MAMA,Pad Thai Noodles,240 g,"$4.99
 ea.",,$2.08 /100g,"Regular price
$5.79  ea.","Valid until Jan 24, 2024",https://product-images.metro.ca/images/hf6/hf4/10244344676382.jpg,https://www.metro.ca/en/online-grocery/search-page-254
MAMA,Singapore Noodles,240 g,"$4.99
 ea.",,$2.08 /100g,"Regular price
$5.79  ea.","Valid until Jan 24, 2024",https://product-images.metro.ca/images/h0e/hfa/10244646338590.jpg,https://www.metro.ca/en/online-grocery/search-page-254
GOGO QUINOA,Gluten Free Double Chocolate Quinoa Cookies,165 g,"$5.99
 ea.",,$3.63 /100g,,,https://product-images.metro.ca/images/hf6/h7a/10421739192350.jpg,https://www.metro.ca/en/online-grocery/search-page-254
GOGO QUINOA,Gluten Free Chocolate Chip Quinoa Cookies,165 g,"$5.99
 ea.",,$3.63 /100g,,,https://product-images.metro.ca/images/h85/hc7/10421737783326.jpg,https://www.metro.ca/en/online-grocery/search-page-254
GOGO QUINOA,Gluten Free Orange And Mango Quinoa Cookies,165 g,"$5.99
 ea.",,$3.63 /100g,,,https://product-images.metro.ca/images/h2c/h57/10421737324574.jpg,https://www.metro.ca/en/online-grocery/search-page-254
GOGO QUINOA,Macaroni And Vegan Cheese,170 g,"$3.69
 ea.",,$2.17 /100g,"Regular price
$4.69  ea.","Valid until Jan 24, 2024",https://product-images.metro.ca/images/h91/hd2/10300191080478.jpg,https://www.metro.ca/en/online-grocery/search-page-254
GOGO QUINOA,Shells And Vegan Cheese,170 g,"$3.69
 ea.",,$2.17 /100g,"Regular price
$4.69  ea.","Valid until Jan 24, 2024",https://product-images.metro.ca/images/h81/h4e/10300191506462.jpg,https://www.metro.ca/en/online-grocery/search-page-254
GOGO QUINOA,Organic Gluten Free Super Grains Penne,227 g,"$4.69
 ea.",,$2.07 /100g,,,https://product-images.metro.ca/images/h76/h44/10020843356190.jpg,https://www.metro.ca/en/online-grocery/search-page-254
GOGO QUINOA,"Dill Pickle Flavoured Puff Quinoa Snacks, Puffs",113 g,"$3.99
 ea.",,$3.53 /100g,,,,https://www.metro.ca/en/online-grocery/search-page-254
,Organic Green Pepper,,"$3.03
 avg. ea.",(275 g avg.),$11.00 /kg$4.99 /lb.,"Regular price
$15.41  avg. kg","Valid until Jan 10, 2024",https://product-images.metro.ca/images/h96/he9/10918324895774.jpg,https://www.metro.ca/en/online-grocery/search-page-254
,"Organic Apple, Fuji",Sold Individually,"$1.05
 avg. ea.",(160 g avg.),$6.59 /kg$2.99 /lb.,,,,https://www.metro.ca/en/online-grocery/search-page-254
NATURE'S RECIPE,Grain Free Adult Dog Food With Real Lamb,5.4 kg,"$40.99
 ea.",,$0.76 /100g,,,https://product-images.metro.ca/images/hf3/hc7/11374903033886.jpg,https://www.metro.ca/en/online-grocery/search-page-254
NATURE'S RECIPE,Grain Free Adult Dog Food With Real Chicken,5.4 kg,"$40.99
 ea.",,$0.76 /100g,,,https://product-images.metro.ca/images/h38/h2d/11374903066654.jpg,https://www.metro.ca/en/online-grocery/search-page-254
NATURE'S RECIPE,Grain Free Dog Bites With Real Turkey,227 g,"$12.99
 ea.",,$5.72 /100g,,,https://product-images.metro.ca/images/h7a/h26/10184146223134.jpg,https://www.metro.ca/en/online-grocery/search-page-254
NATURE'S RECIPE,Chicken And Venison In Broth Dog Food,78 g,"$2.29
 ea.",,$2.94 /100g,,,https://product-images.metro.ca/images/he1/h2f/10823034535966.jpg,https://www.metro.ca/en/online-grocery/search-page-254
NATURE'S RECIPE,Dog Food,78 g,"$2.29
 ea.",,$2.94 /100g,,,https://product-images.metro.ca/images/h10/h07/10823035977758.jpg,https://www.metro.ca/en/online-grocery/search-page-254
NATURE'S RECIPE,Assorted Flavours Dog Food,12x78 g,"$17.49
 ea.",,$1.87 /100g,,,https://product-images.metro.ca/images/he8/hcc/10040155865118.jpg,https://www.metro.ca/en/online-grocery/search-page-254
NATURE'S RECIPE,Rice And Chicken Flavoured Grain Food For Adult Dogs,5.4 kg,"$28.99
 ea.",,$0.54 /100g,"Regular price
$32.99  ea.","Valid until Jan 24, 2024",https://product-images.metro.ca/images/he9/hac/11374961066014.jpg,https://www.metro.ca/en/online-grocery/search-page-254
MILK BONE,Beef Steak Flavoured Dog Treat,708 g,"$10.99
 ea.",,$1.55 /100g,"Regular price
$11.99  ea.","Valid until Jan 24, 2024",https://product-images.metro.ca/images/h2d/h14/10938915389470.jpg,https://www.metro.ca/en/online-grocery/search-page-254
MEOW MIX,Beef And Salmon Flavoured Cat Food,1.36 kg,"$8.99
 ea.",,$0.66 /100g,"Regular price
$11.29  ea.","Valid until Jan 24, 2024",https://product-images.metro.ca/images/h52/h82/10073673891870.jpg,https://www.metro.ca/en/online-grocery/search-page-254
MAILLE,Dijon Mayonnaise With A Hint Of Wholegrain Mustard,340 mL,"$7.99
 ea.",,$2.35 /100ml,,,https://product-images.metro.ca/images/hb9/hfb/11817073147934.jpg,https://www.metro.ca/en/online-grocery/search-page-254
MEOW MIX,"Tuna And Chicken Flavoured Paté For Cats, Tasty Layers",78 g,"3 / 
$4.00",,$1.71 /100g,"Regular price
$1.79  ea.","Valid until Jan 24, 2024",,https://www.metro.ca/en/online-grocery/search-page-254
MILK BONE,"Peanut Butter Flavoured Dog Biscuit, Dipped",340 g,"$5.29
 ea.",,$1.56 /100g,"Regular price
$6.29  ea.","Valid until Jan 24, 2024",,https://www.metro.ca/en/online-grocery/search-page-254
MILK BONE,"Vanilla Yogurt Flavoured Dog Biscuit, Dipped",340 g,"$5.29
 ea.",,$1.56 /100g,"Regular price
$6.29  ea.","Valid until Jan 24, 2024",,https://www.metro.ca/en/online-grocery/search-page-255
MANDY'S,Spicy Maple Flavoured Dressing,250 mL,"$8.99
 ea.",,$3.60 /100ml,"Regular price
$9.99  ea.","Valid until Jan 24, 2024",https://product-images.metro.ca/images/h82/heb/12051079135262.jpg,https://www.metro.ca/en/online-grocery/search-page-255
NATURE'S RECIPE,Turkey And Pumpkin Flavoured Dog Food,368 g,"$3.49
 ea.",,$0.95 /100g,,,https://product-images.metro.ca/images/ha8/h3c/11236353572894.jpg,https://www.metro.ca/en/online-grocery/search-page-255
NATURE'S RECIPE,Chicken And Apple Dog Food,368 g,"$3.49
 ea.",,$0.95 /100g,,,https://product-images.metro.ca/images/h7a/h91/10968220434462.jpg,https://www.metro.ca/en/online-grocery/search-page-255
MILK BONE,"Molasse And Peanut Butter Dog Treat, Stacked",283 g,"$5.29
 ea.",,$1.87 /100g,"Regular price
$6.29  ea.","Valid until Jan 24, 2024",,https://www.metro.ca/en/online-grocery/search-page-255
NATURE'S RECIPE,"Salmon, Pumpkin And Chicken Flavoured Dog Food",368 g,"$3.49
 ea.",,$0.95 /100g,,,https://product-images.metro.ca/images/hd9/h75/10968478580766.jpg,https://www.metro.ca/en/online-grocery/search-page-255
MANDY'S,Hoisin Marinade And Sauce,345 mL,"$10.99
 ea.",,$3.19 /100ml,,,https://product-images.metro.ca/images/h2e/h20/11133729636382.jpg,https://www.metro.ca/en/online-grocery/search-page-255
MANDY'S,Teriyaki Marinade And Sauce,345 mL,"$10.99
 ea.",,$3.19 /100ml,,,https://product-images.metro.ca/images/ha7/ha6/11133748510750.jpg,https://www.metro.ca/en/online-grocery/search-page-255
SNAUSAGES,Beef & Cheese In A Blanket Dog Treats,196 g,"$2.79
 ea.",,$1.42 /100g,,,https://product-images.metro.ca/images/ha1/h0c/10968512200734.jpg,https://www.metro.ca/en/online-grocery/search-page-255
MILK BONE,Biscuits For Dogs,2 kg,"$8.49
 ea.",,$0.42 /100g,,,https://product-images.metro.ca/images/hcf/hd3/11293014687774.jpg,https://www.metro.ca/en/online-grocery/search-page-255
NATURE'S RECIPE,Salmon Dog Food,1.8 kg,"$17.49
 ea.",,$0.97 /100kg,,,https://product-images.metro.ca/images/h5e/h34/11860794802206.jpg,https://www.metro.ca/en/online-grocery/search-page-255
PRANA,Organic Gluten Free Hemp Seeds,200 g,"$11.99
 ea.",,$6.00 /100g,,,https://product-images.metro.ca/images/he0/hbd/11817033039902.jpg,https://www.metro.ca/en/online-grocery/search-page-255
PRANA,Organic Gluten Free Flax Seeds,320 g,"$5.49
 ea.",,$1.72 /100g,,,https://product-images.metro.ca/images/h0e/h6e/11817031139358.jpg,https://www.metro.ca/en/online-grocery/search-page-255
PRANA,Organic Gluten-Free Hickory BBQ Almonds,150 g,"$7.99
 ea.",,$5.33 /100g,"Regular price
$8.79  ea.","Valid until Jan 24, 2024",https://product-images.metro.ca/images/ha6/h2c/10170892845086.jpg,https://www.metro.ca/en/online-grocery/search-page-255
LACROIX,"Mixed Fruit Flavoured Cider, Lot 300",4x473 ml,"$16.99
 ea.",,$0.90 /100ml,,,,https://www.metro.ca/en/online-grocery/search-page-255
GIOVANNI RANA,Ricotta And Spinach Stuffed Ravioli,300 g,"$6.99
 ea.",,$2.33 /100g,,,https://product-images.metro.ca/images/hde/hb8/11432873000990.jpg,https://www.metro.ca/en/online-grocery/search-page-255
GIOVANNI RANA,Mushroom Stuffed Ravioli,300 g,"$6.99
 ea.",,$2.33 /100g,,,https://product-images.metro.ca/images/h24/h62/12192011747358.jpg,https://www.metro.ca/en/online-grocery/search-page-255
X-LITE,Multi-Purpose Lighter,1 un,"$3.99
 ea.",,$3.99 /un.,,,https://product-images.metro.ca/images/he0/hd7/11764405272606.jpg,https://www.metro.ca/en/online-grocery/search-page-255
K POUR KATRINE,Gluten-Free Carrot And Orange Cake,400 g,"$16.99
 ea.",,$4.25 /100g,,,https://product-images.metro.ca/images/hce/h3a/11541262696478.jpg,https://www.metro.ca/en/online-grocery/search-page-255
K POUR KATRINE,Gluten-Free Molten Double Chocolate Cake,400 g,"$16.99
 ea.",,$4.25 /100g,,,https://product-images.metro.ca/images/hcd/hdf/10289552687134.jpg,https://www.metro.ca/en/online-grocery/search-page-255
K POUR KATRINE COMBO,Vegan Mango-Pineapple Cake,750 g,"$21.99
 ea.",,$2.93 /100g,,,https://product-images.metro.ca/images/h4c/hda/11541276786718.jpg,https://www.metro.ca/en/online-grocery/search-page-255
,Organic Red Cabbage,,"$7.77
 avg. ea.","(1,770 g avg.)",$4.39 /kg$1.99 /lb.,,,https://product-images.metro.ca/images/hc2/hba/10918347636766.jpg,https://www.metro.ca/en/online-grocery/search-page-255
PRANA,Organic Chia And Flax Seeds,225 g,"$5.49
 ea.",,$2.44 /100g,,,https://product-images.metro.ca/images/h7b/hdf/11817033793566.jpg,https://www.metro.ca/en/online-grocery/search-page-255
PRANA,"Almond And Vanilla Flavoured Organic Crunchy Bites, ...",125 g,"$5.99
 ea.",,$4.79 /100g,"Regular price
$6.79  ea.","Valid until Jan 24, 2024",,https://www.metro.ca/en/online-grocery/search-page-255
PRANA,"Double Chocolate Flavoured Organic Crunchy Bites, Ch...",125 g,"$5.99
 ea.",,$4.79 /100g,"Regular price
$6.79  ea.","Valid until Jan 24, 2024",,https://www.metro.ca/en/online-grocery/search-page-255
PRANA,Caramel And Chocolate Flavoured Organic Crunchy Bite...,125 g,"$5.99
 ea.",,$4.79 /100g,"Regular price
$6.79  ea.","Valid until Jan 24, 2024",,https://www.metro.ca/en/online-grocery/search-page-255
GIBIERS CANABEC,Confit Rabbit Legs,475 g,"$26.99
 ea.",,$5.68 /100g,,,https://product-images.metro.ca/images/hd9/hc0/9662033920030.jpg,https://www.metro.ca/en/online-grocery/search-page-255
PRANA,Organic And Gluten Free Sea Salt Seasoned Roasted Pu...,150 g,"$5.79
 ea.",,$4.45 /100g,"Regular price
$6.69  ea.","Valid until Jan 24, 2024",,https://www.metro.ca/en/online-grocery/search-page-255
MID-DAY SQUARES,Peanut Butter Flavoured Energy Bar,33 g,"2 / 
$4.00",,$6.06 /100g,"Regular price
$2.79  ea.","Valid until Feb 7, 2024",https://product-images.metro.ca/images/he9/hff/11590833831966.jpg,https://www.metro.ca/en/online-grocery/search-page-255
MID-DAY SQUARES,Fudge Flavoured Energy Bar,33 g,"2 / 
$4.00",,$6.06 /100g,"Regular price
$2.79  ea.","Valid until Feb 7, 2024",https://product-images.metro.ca/images/hac/ha2/11590832685086.jpg,https://www.metro.ca/en/online-grocery/search-page-255
MID-DAY SQUARES,Almond Crunch Flavoured Energy Bar,33 g,"2 / 
$4.00",,$6.06 /100g,"Regular price
$2.79  ea.","Valid until Feb 7, 2024",https://product-images.metro.ca/images/h6e/hd9/11590834552862.jpg,https://www.metro.ca/en/online-grocery/search-page-256
PRANA,Organic Gluten Free Berries Cookies,120 g,"$4.99
 ea.",,$4.16 /100g,,,https://product-images.metro.ca/images/h5d/hd5/11292931588126.jpg,https://www.metro.ca/en/online-grocery/search-page-256
DUE VITTORIE,Aged Apple Cider Vinegar,500 mL,"$12.99
 ea.",,$2.60 /100ml,,,https://product-images.metro.ca/images/he7/hd4/9534465998878.jpg,https://www.metro.ca/en/online-grocery/search-page-256
PIZZÉRIA QUÉBEC EXPRESS,Bacon All Dressed Pizza,750 g,"$7.99
 ea.",,$1.07 /100g,,,https://www.metro.ca/images/shared/placeholders/icon-no-picture.svg?v=2023.71.1.d1,https://www.metro.ca/en/online-grocery/search-page-256
PIZZÉRIA QUÉBEC EXPRESS,Frozen All Dressed Pizza,800 g,"$7.99
 ea.",,$1.00 /100g,,,https://www.metro.ca/images/shared/placeholders/icon-no-picture.svg?v=2023.71.1.d1,https://www.metro.ca/en/online-grocery/search-page-256
PIZZÉRIA QUÉBEC EXPRESS,Frozen Pepperoni And Cheese Pizza,745 g,"$7.99
 ea.",,$1.07 /100g,,,https://www.metro.ca/images/shared/placeholders/icon-no-picture.svg?v=2023.71.1.d1,https://www.metro.ca/en/online-grocery/search-page-256
STONEFIRE,Caramelized Onion Naan,360 g,"$4.99
 ea.",,$1.39 /100g,,,https://www.metro.ca/images/shared/placeholders/icon-no-picture.svg?v=2023.71.1.d1,https://www.metro.ca/en/online-grocery/search-page-256
FEVER-TREE,Light Tonic Water,8x150 mL,"$12.99
 ea.",,$8.66 /100ml,,,https://product-images.metro.ca/images/hae/h85/12122256867358.jpg,https://www.metro.ca/en/online-grocery/search-page-256
DANDIES,Vanilla Flavoured Mini Vegan Marshmallows,283 g,"$7.79
 ea.",,$2.75 /100g,,,https://product-images.metro.ca/images/h2c/he1/9634043953182.jpg,https://www.metro.ca/en/online-grocery/search-page-256
VITALI-T,Oatmeal And Chocolate Flavoured Organic Gluten Free ...,430 g,"$6.99
 ea.",,$1.63 /100g,,,,https://www.metro.ca/en/online-grocery/search-page-256
VITALI-T,Oatmeal And Cranberry Organic Cookie Mix,430 g,"$6.99
 ea.",,$1.63 /100g,,,https://product-images.metro.ca/images/ha7/h56/10244583489566.jpg,https://www.metro.ca/en/online-grocery/search-page-256
LANTANA,Cauliflower Hummus,283 g,"$5.49
 ea.",,$1.94 /100g,,,https://product-images.metro.ca/images/hbf/h8e/11292816179230.jpg,https://www.metro.ca/en/online-grocery/search-page-256
FRESH ATTITUDE,Greek Mix Salad Kit,454 g,"$8.99
 ea.",,$1.98 /100g,,,https://product-images.metro.ca/images/hb7/h5f/10300170043422.jpg,https://www.metro.ca/en/online-grocery/search-page-256
FRESH ATTITUDE,Sweet Indian Salad Mix With Naan Toppings,139 g,"$6.99
 ea.",,$5.03 /100g,,,https://product-images.metro.ca/images/h23/hcb/10938882293790.jpg,https://www.metro.ca/en/online-grocery/search-page-256
FRESH ATTITUDE,Sweet Indian Salad Mix With Naan Toppings,297 g,"$8.99
 ea.",,$3.03 /100g,,,https://product-images.metro.ca/images/he5/h2b/11511701962782.jpg,https://www.metro.ca/en/online-grocery/search-page-256
ATTITUDE,Waldorf Salad Family Kit,347 g,"$8.99
 ea.",,$2.59 /100g,,,https://product-images.metro.ca/images/h57/h24/10938919387166.jpg,https://www.metro.ca/en/online-grocery/search-page-256
ST-HUBERT,Thai With Chicken Salad,248 g,"$9.99
 ea.",,$4.03 /100g,,,https://product-images.metro.ca/images/h3c/h6f/10239234736158.jpg,https://www.metro.ca/en/online-grocery/search-page-256
ST-HUBERT,Caesar Salad With Chicken,250 g,"$9.99
 ea.",,$4.00 /100g,,,https://product-images.metro.ca/images/h34/h2d/10938917748766.jpg,https://www.metro.ca/en/online-grocery/search-page-256
ATTITUDE,French Shallot,750 g,"$5.99
 ea.",,$0.80 /100g,,,https://product-images.metro.ca/images/h62/he8/10836306493470.jpg,https://www.metro.ca/en/online-grocery/search-page-256
MICROBRASSERIE À LA FÛT,"White Beer, Mékinoise",473 mL - can,"$4.99
 ea.",,$1.05 /100ml,"Regular price
$5.49  ea.","Valid until Feb 7, 2024",,https://www.metro.ca/en/online-grocery/search-page-256
MICROBRASSERIE À LA FÛT,"IPA Beer, Urubu",473 mL - can,"$5.49
 ea.",,$1.16 /100ml,"Regular price
$5.99  ea.","Valid until Feb 7, 2024",,https://www.metro.ca/en/online-grocery/search-page-256
MICROBRASSERIE À LA FÛT,"Haskap And Raspberry White Beer, Blanche Du Rang Des...",473 mL - can,"$4.99
 ea.",,$1.05 /100ml,"Regular price
$5.49  ea.","Valid until Feb 7, 2024",,https://www.metro.ca/en/online-grocery/search-page-256
MICROBRASSERIE À LA FÛT,"NEIPA Beer, IPA Du Far Est",473 mL,"$5.49
 ea.",,$1.16 /100ml,"Regular price
$5.99  ea.","Valid until Feb 7, 2024",,https://www.metro.ca/en/online-grocery/search-page-256
LA MAISON DU BLEUET,Wild Blueberry Pie,690 g,"$12.99
 ea.",,$1.88 /100g,,,https://product-images.metro.ca/images/hd0/hba/10674463899678.jpg,https://www.metro.ca/en/online-grocery/search-page-256
TIMOTHY'S,"Light Roast K-Cup Coffee Pods, Breakfast Blend",30 un,"$19.99
 ea.",,$0.67 /un.,,,,https://www.metro.ca/en/online-grocery/search-page-256
TIMOTHY'S,"Medium Roast K-Cup Coffee Pods, Colombian La Vereda",30 un,"$19.99
 ea.",,$0.67 /un.,,,,https://www.metro.ca/en/online-grocery/search-page-256
TIMOTHY'S,"Extra Dark Roast K-Cup Coffee Pods, Rainforest Espresso",30 un,"$19.99
 ea.",,$0.67 /un.,,,,https://www.metro.ca/en/online-grocery/search-page-256
CAMELLIA SINENSIS,Organic Genmaicha Matcha Green Tea,75 g,"$13.99
 ea.",,$18.65 /100g,,,https://product-images.metro.ca/images/h40/h02/12192108806174.jpg,https://www.metro.ca/en/online-grocery/search-page-256
CAMELLIA SINENSIS,Organic Breakfast Assam Black Tea,65 g,"$10.99
 ea.",,$16.91 /100g,,,https://product-images.metro.ca/images/h53/h45/12192109264926.jpg,https://www.metro.ca/en/online-grocery/search-page-256
CAMELLIA SINENSIS,Organic Earl Grey Tea,65 g,"$10.99
 ea.",,$16.91 /100g,,,https://product-images.metro.ca/images/hed/h11/10970128613406.jpg,https://www.metro.ca/en/online-grocery/search-page-256
CAMELLIA SINENSIS,Organic Chai Camellia Tea,75 g,"$13.99
 ea.",,$18.65 /100g,,,https://product-images.metro.ca/images/h60/h1f/12192154877982.jpg,https://www.metro.ca/en/online-grocery/search-page-257
GARDEIN,Frozen Plant-Based Chick'N Nuggets,245 g,"$6.99
 ea.",,$2.85 /100g,"Regular price
$7.49  ea.","Valid until Feb 14, 2024",https://product-images.metro.ca/images/hfa/h6d/10715610152990.jpg,https://www.metro.ca/en/online-grocery/search-page-257
GARDEIN,"Frozen Spicy Plant-Based Chick'N Tenders, Nashville-...",230 g,"$6.99
 ea.",,$3.04 /100g,"Regular price
$7.49  ea.","Valid until Feb 14, 2024",,https://www.metro.ca/en/online-grocery/search-page-257
CAMELLIA SINENSIS,Organic Kagoshima Powder Green Tea,40 g,"$23.99
 ea.",,$59.98 /100g,,,https://product-images.metro.ca/images/h1b/h59/10970129891358.jpg,https://www.metro.ca/en/online-grocery/search-page-257
FRANDON,Honey And Mustard Seasoned Salmon Skewers,160 g,"$8.99
 ea.",,$5.62 /100g,"Regular price
$9.99  ea.","Valid until Jan 17, 2024",https://product-images.metro.ca/images/h05/h42/10724327358494.jpg,https://www.metro.ca/en/online-grocery/search-page-257
FRANDON,Chipotle Maple Salmon Skewers,160 g,"$8.99
 ea.",,$5.62 /100g,"Regular price
$9.99  ea.","Valid until Jan 17, 2024",https://product-images.metro.ca/images/h44/h2a/11541284945950.jpg,https://www.metro.ca/en/online-grocery/search-page-257
FRANDON,Fine Herbs Salmon Skewers,160 g,"$8.99
 ea.",,$5.62 /100g,"Regular price
$9.99  ea.","Valid until Jan 17, 2024",https://product-images.metro.ca/images/h64/h53/11401416605726.jpg,https://www.metro.ca/en/online-grocery/search-page-257
MICROBRASSERIE À LA FÛT,Nano IPA Beer,473 mL,"$4.99
 ea.",,$1.05 /100ml,"Regular price
$5.49  ea.","Valid until Feb 7, 2024",https://product-images.metro.ca/images/h50/h96/11742368956446.jpg,https://www.metro.ca/en/online-grocery/search-page-257
CAMELLIA SINENSIS,Sublime Camomille Flavoured Organic Herbal Tea,65 g,"$7.99
 ea.",,$12.29 /100g,,,https://product-images.metro.ca/images/ha0/hd6/12192324747294.jpg,https://www.metro.ca/en/online-grocery/search-page-257
LOTO-QUÉBEC,La Mini,1 un,"$0.50
 ea.",,$0.50 /un.,,,https://product-images.metro.ca/images/h34/hc5/9712321036318.jpg,https://www.metro.ca/en/online-grocery/search-page-257
LOTO-QUÉBEC,Grande Vie + Extra,1 un,"$4.00
 ea.",,$4.00 /un.,,,https://product-images.metro.ca/images/hd8/h63/9767842611230.jpg,https://www.metro.ca/en/online-grocery/search-page-257
LOTO-QUÉBEC,Grande Vie,1 un,"$3.00
 ea.",,$3.00 /un.,,,https://product-images.metro.ca/images/hd5/hff/9756554985502.jpg,https://www.metro.ca/en/online-grocery/search-page-257
LOTO-QUÉBEC,Lotto 6/49 + Extra,1 un,"$4.00
 ea.",,$4.00 /un.,,,https://product-images.metro.ca/images/hce/h48/9961923084318.jpg,https://www.metro.ca/en/online-grocery/search-page-257
LOTO-QUÉBEC,Lotto Max,1 un,"$5.00
 ea.",,$5.00 /un.,,,https://product-images.metro.ca/images/h48/haf/9961922560030.jpg,https://www.metro.ca/en/online-grocery/search-page-257
LOTO-QUÉBEC,"Lotto 6/49, `",1 un,"$3.00
 ea.",,$3.00 /un.,,,,https://www.metro.ca/en/online-grocery/search-page-257
LOTO-QUÉBEC,Lotto Max + Extra,1 un,"$6.00
 ea.",,$6.00 /un.,,,https://product-images.metro.ca/images/h83/h0c/9961921118238.jpg,https://www.metro.ca/en/online-grocery/search-page-257
HOLLANDIA,Dutch Lager Beer,4x500 mL - cans,"$9.69
 ea.",,$0.48 /100ml,"Regular price
$10.79  ea.","Valid until Feb 7, 2024",https://product-images.metro.ca/images/h03/h4b/9501172760606.jpg,https://www.metro.ca/en/online-grocery/search-page-257
WILFRED,Indonesian Satay Sauce,250 mL,"$7.99
 ea.",,$3.20 /100ml,,,https://product-images.metro.ca/images/h15/h9d/10073892651038.jpg,https://www.metro.ca/en/online-grocery/search-page-257
WILFRED,Sriracha Hot Sauce,240 mL,"$8.49
 ea.",,$3.54 /100ml,,,https://product-images.metro.ca/images/ha2/hd4/10073467846686.jpg,https://www.metro.ca/en/online-grocery/search-page-257
HALO TOP,Red Velvet Flavoured Ice Cream,473 mL,"$7.99
 ea.",,$1.69 /100ml,,,https://product-images.metro.ca/images/h62/h01/11161775702046.jpg,https://www.metro.ca/en/online-grocery/search-page-257
CUISINE SOLEIL,Organic Gluten Free Flax Flour With Omega-3,400 g,"$8.79
 ea.",,$2.20 /100g,,,https://product-images.metro.ca/images/hd1/h88/9694237491230.jpg,https://www.metro.ca/en/online-grocery/search-page-257
TRUE FRUIT,Cherry Medley Fruit Salad,217 ml,"$2.99
 ea.",,$1.38 /100ml,,,https://product-images.metro.ca/images/h11/h54/10823324499998.jpg,https://www.metro.ca/en/online-grocery/search-page-257
TRUE FRUIT,Peach Fruit Salad,217 mL,"$2.99
 ea.",,$1.38 /100ml,,,https://product-images.metro.ca/images/h4c/h46/10823337050142.jpg,https://www.metro.ca/en/online-grocery/search-page-257
TRUE FRUIT,Mandarine Orange Fruit Salad,217 mL,"$2.99
 ea.",,$1.38 /100ml,,,https://product-images.metro.ca/images/h00/h55/10315995021342.jpg,https://www.metro.ca/en/online-grocery/search-page-257
CUISINE SOLEIL,Organic Chickpea Flour,700 g,"$12.99
 ea.",,$1.86 /100g,,,https://product-images.metro.ca/images/h5b/h5d/11817098575902.jpg,https://www.metro.ca/en/online-grocery/search-page-257
SS-FRUTAS,Salted Sweet Potato Crisps,75 g,"$3.49
 ea.",,$4.65 /100g,,,https://product-images.metro.ca/images/h5f/h42/10968220368926.jpg,https://www.metro.ca/en/online-grocery/search-page-257
CUISINE SOLEIL,Organic Brown Rice Flour,1 kg,"$9.99
 ea.",,$1.00 /100kg,,,https://product-images.metro.ca/images/h33/he9/11467582079006.jpg,https://www.metro.ca/en/online-grocery/search-page-257
CUISINE SOLEIL,Organic Buckwheat Flour,1 kg,"$8.79
 ea.",,$0.88 /100kg,,,https://product-images.metro.ca/images/hcb/h63/11467596136478.jpg,https://www.metro.ca/en/online-grocery/search-page-257
CUISINE SOLEIL,Organic All Purpose Flour Mix,1 kg,"$11.99
 ea.",,$1.20 /100kg,,,https://product-images.metro.ca/images/hb7/h62/11467585781790.jpg,https://www.metro.ca/en/online-grocery/search-page-257
CUISINE SOLEIL,Organic Millet Flour,1 kg,"$11.29
 ea.",,$1.13 /100kg,,,https://product-images.metro.ca/images/ha4/hb8/11467623858206.jpg,https://www.metro.ca/en/online-grocery/search-page-257
BEYOND MEAT,Plant-Based Burger,226 g,"$7.99
 ea.",,$3.54 /100g,,,https://product-images.metro.ca/images/h33/h45/10768775020574.jpg,https://www.metro.ca/en/online-grocery/search-page-258
BEYOND MEAT,Plant-Based Simulated Ground Beef,340 g,"$8.99
 ea.",,$2.64 /100g,"Regular price
$10.99  ea.","Valid until Jan 17, 2024",https://product-images.metro.ca/images/h6e/hd5/10433132494878.jpg,https://www.metro.ca/en/online-grocery/search-page-258
ORANGINA,Citrus Flavoured Soft Drink,420 mL,"$2.79
 ea.",,$0.66 /100ml,,,https://product-images.metro.ca/images/h72/h8e/9534812454942.jpg,https://www.metro.ca/en/online-grocery/search-page-258
NOTCO,Gluten Free Plant-Based Burger,4x113 g,"$12.49
 ea.",,$2.76 /100g,,,https://product-images.metro.ca/images/haa/h89/11643055898654.jpg,https://www.metro.ca/en/online-grocery/search-page-258
SKRT,Alcoholic Malt Beverage Variety Pack,12x355mL,"$22.99
 ea.",,$0.54 /100ml,"Regular price
$24.99  ea.","Valid until Feb 7, 2024",https://www.metro.ca/images/shared/placeholders/icon-no-picture.svg?v=2023.71.1.d1,https://www.metro.ca/en/online-grocery/search-page-258
ZOA,Tropical Punch Flavoured Energy Drink,355 mL,"2 / 
$6.00",,$0.85 /100ml,"Regular price
$3.79  ea.","Valid until Jan 24, 2024",https://www.metro.ca/images/shared/placeholders/icon-no-picture.svg?v=2023.71.1.d1,https://www.metro.ca/en/online-grocery/search-page-258
ZOA,White Peach Flavoured Energy Drink,355 mL,"2 / 
$6.00",,$0.85 /100ml,"Regular price
$3.79  ea.","Valid until Jan 24, 2024",https://www.metro.ca/images/shared/placeholders/icon-no-picture.svg?v=2023.71.1.d1,https://www.metro.ca/en/online-grocery/search-page-258
ZOA,Wild Orange Flavoured Energy Drink,355 mL,"2 / 
$6.00",,$0.85 /100ml,"Regular price
$3.79  ea.","Valid until Jan 24, 2024",https://www.metro.ca/images/shared/placeholders/icon-no-picture.svg?v=2023.71.1.d1,https://www.metro.ca/en/online-grocery/search-page-258
ZOA,Cherry Lemonade Flavoured Energy Drink,355 mL,"2 / 
$6.00",,$0.85 /100ml,"Regular price
$3.79  ea.","Valid until Jan 24, 2024",https://www.metro.ca/images/shared/placeholders/icon-no-picture.svg?v=2023.71.1.d1,https://www.metro.ca/en/online-grocery/search-page-258
MARIE MORIN,Crème Brûlée,103 g,"$3.99
 ea.",,$3.87 /100g,,,https://product-images.metro.ca/images/h02/hca/9848810897438.jpg,https://www.metro.ca/en/online-grocery/search-page-258
MARIE MORIN,Chocolate Truffle Ganache,90 g,"$3.99
 ea.",,$4.43 /100g,,,https://product-images.metro.ca/images/h66/h65/11493540560926.jpg,https://www.metro.ca/en/online-grocery/search-page-258
SCHICK,Xtreme2 Sensitive™ Disposable Razors,12 un,"$8.79
 ea.",,$0.73 /un.,,,https://product-images.metro.ca/images/h26/h35/10413269418014.jpg,https://www.metro.ca/en/online-grocery/search-page-258
ESTREALLA DAMM,Spanish Lager Beer,500 mL - can,"$3.99
 ea.",,$0.80 /100ml,"Regular price
$4.49  ea.","Valid until Feb 7, 2024",https://product-images.metro.ca/images/h35/h87/9508948279326.jpg,https://www.metro.ca/en/online-grocery/search-page-258
VALOR,Almond Dark Chocolate Bar,150 g,"$6.99
 ea.",,$4.66 /100g,,,https://product-images.metro.ca/images/h48/ha8/9429574352926.jpg,https://www.metro.ca/en/online-grocery/search-page-258
SCHICK,"Sensitive Skin Razor Blade, Hydro 5",4 un,"$23.49
 ea.",,$5.87 /un.,,,,https://www.metro.ca/en/online-grocery/search-page-258
BLANCAT NATUR,Dealcoholized Spanish Rosé Wine,750 mL,"$12.49
 ea.",,$1.67 /100ml,,,https://product-images.metro.ca/images/hb3/hfe/10323403636766.jpg,https://www.metro.ca/en/online-grocery/search-page-258
SANGRE DE TORO,Dealcoholized Spanish White Wine,750 mL,"$11.99
 ea.",,$1.60 /100ml,,,https://product-images.metro.ca/images/h91/h07/10711560650782.jpg,https://www.metro.ca/en/online-grocery/search-page-258
SANGRE DE TORO,Alcohol-Free Spanish Red Wine,750 mL,"$11.99
 ea.",,$1.60 /100ml,,,https://product-images.metro.ca/images/h2e/hc5/10711573987358.jpg,https://www.metro.ca/en/online-grocery/search-page-258
COOL&SIMPLE,Gourmet Homestyle French Fries With Guérande Sea Salt,500 g,"$7.99
 ea.",,$1.60 /100g,"Regular price
$8.99  ea.","Valid until Feb 14, 2024",https://product-images.metro.ca/images/h3b/h3c/12146353569822.jpg,https://www.metro.ca/en/online-grocery/search-page-258
DIVINE SUNSHINE,Sangria,750 mL,"$7.99
 ea.",,$1.07 /100ml,,,https://product-images.metro.ca/images/h1e/hfb/9836509986846.jpg,https://www.metro.ca/en/online-grocery/search-page-258
MOCKTAIL,Non-Alcoholic Gin Tonic,355 mL,"2 / 
$5.50",,$0.77 /100ml,"Regular price
$3.29  ea.","Valid until Feb 7, 2024",https://product-images.metro.ca/images/h16/h7b/9999508078622.jpg,https://www.metro.ca/en/online-grocery/search-page-258
SOBER CARPENTER,Flavoured And Dealcoholized Cider,473 mL,"$3.49
 ea.",,$0.74 /100ml,,,https://product-images.metro.ca/images/h18/h43/10715634663454.jpg,https://www.metro.ca/en/online-grocery/search-page-258
LA BÊTE,Steak Spices,120 g,"$5.99
 ea.",,$4.99 /100g,,,https://product-images.metro.ca/images/hf4/h17/11665605623838.jpg,https://www.metro.ca/en/online-grocery/search-page-258
LOSADA,Pitted Gordal Olives,345 g,"$8.49
 ea.",,$2.46 /100g,"Regular price
$9.29  ea.","Valid until Jan 24, 2024",https://product-images.metro.ca/images/hf2/h30/9381307514910.jpg,https://www.metro.ca/en/online-grocery/search-page-258
LOSADA,Manzanilla Olives,345 g,"$6.99
 ea.",,$2.03 /100g,"Regular price
$7.99  ea.","Valid until Jan 24, 2024",https://product-images.metro.ca/images/h16/hef/9381190991902.jpg,https://www.metro.ca/en/online-grocery/search-page-258
WHITE CLAW,Raspberry Flavoured Sparkling Alcoholic Malt Beverage,473 mL -can,"$4.49
 ea.",,$0.95 /100ml,,,https://product-images.metro.ca/images/h1f/hf9/10029332693022.jpg,https://www.metro.ca/en/online-grocery/search-page-258
WHITE CLAW,Mango Flavoured Sparkling Alcoholic Malt Beverage,6x355 mL,"$14.99
 ea.",,$0.70 /100ml,,,https://product-images.metro.ca/images/h38/h94/10529670365214.jpg,https://www.metro.ca/en/online-grocery/search-page-258
WHITE CLAW,Black Cherry Flavoured Sparkling Alcoholic Malt Beve...,6x355 mL,"$14.99
 ea.",,$0.70 /100ml,,,,https://www.metro.ca/en/online-grocery/search-page-258
WHITE CLAW,Lime Flavoured Sparkling Alcoholic Malt Beverage,6x355 mL,"$14.99
 ea.",,$0.70 /100ml,,,https://product-images.metro.ca/images/hb2/h7e/10020738596894.jpg,https://www.metro.ca/en/online-grocery/search-page-258
WHITE CLAW,Sparkling Alcoholic Malt Beverage Variety Pack,12x355 mL,"$25.99
 ea.",,$7.32 /100ml,,,https://product-images.metro.ca/images/h2c/h18/10020998479902.jpg,https://www.metro.ca/en/online-grocery/search-page-258
GOGO SQUEEZ,Gluten Free Apple And Pineapple Flavoured Snack,4x90 g,"$4.99
 ea.",,$1.39 /100g,,,https://product-images.metro.ca/images/h37/hde/10695788101662.jpg,https://www.metro.ca/en/online-grocery/search-page-259
GOGO SQUEEZ,"Gluten Free Apple, Mango And Guava Flavoured Snack",4x90 g,"$4.99
 ea.",,$1.39 /100g,,,https://product-images.metro.ca/images/hfe/h3e/10695786889246.jpg,https://www.metro.ca/en/online-grocery/search-page-259
WHITE CLAW,Raspberry Flavoured Sparkling Alcoholic Malt Beverage,6x355 mL,"$14.99
 ea.",,$4.22 /100ml,,,https://product-images.metro.ca/images/h4e/h94/10486766764062.jpg,https://www.metro.ca/en/online-grocery/search-page-259
WHITE CLAW,Sparkling Alcoholic Malt Beverage Variety Pack,12x355 mL,"$25.99
 ea.",,$7.32 /100ml,,,https://product-images.metro.ca/images/hac/h11/10486759063582.jpg,https://www.metro.ca/en/online-grocery/search-page-259
WHITE CLAW,Ice Tea Flavoured Alcoholic Malt Beverages Variety Pack,12x355 mL,"$25.99
 ea.",,$7.32 /100ml,,,https://product-images.metro.ca/images/h9f/h58/10486715744286.jpg,https://www.metro.ca/en/online-grocery/search-page-259
WHITE CLAW,Pineapple Flavoured Sparkling Alcoholic Malt Beverage,473 mL - can,"$4.49
 ea.",,$0.95 /100ml,,,https://product-images.metro.ca/images/hce/h62/10486718758942.jpg,https://www.metro.ca/en/online-grocery/search-page-259
GOGO SQUEEZ,"Organic Apple, Mango, Pineapple And Banana Sauce Pou...",360 g,"$4.99
 ea.",,$1.39 /100g,,,,https://www.metro.ca/en/online-grocery/search-page-259
GOGO SQUEEZ,"Organic Apple, Banana And Strawberry Sauce Pouches",360 g,"$4.99
 ea.",,$1.39 /100g,,,https://product-images.metro.ca/images/h4f/h67/10950335004702.jpg,https://www.metro.ca/en/online-grocery/search-page-259
WHITE CLAW,"Sparkling Alcoholic Malt Beverage Assortment, Surge",12x355 mL,"$27.99
 ea.",,$7.88 /100ml,,,,https://www.metro.ca/en/online-grocery/search-page-259
WHITE CLAW,Blackberry Flavoured Sparkling Alcoholic Malt Beverage,473 mL,"$4.49
 ea.",,$0.95 /100ml,,,https://product-images.metro.ca/images/h23/ha0/11412791099422.jpg,https://www.metro.ca/en/online-grocery/search-page-259
WHITE CLAW,Blood Orange Flavoured Sparkling Alcoholic Malt Beve...,6x355 mL,"$15.99
 ea.",,$0.75 /100ml,,,,https://www.metro.ca/en/online-grocery/search-page-259
WHITE CLAW,Blackberry Flavoured Sparkling Alcoholic Malt Beverage,6x355 mL,"$14.99
 ea.",,$4.22 /100ml,,,https://product-images.metro.ca/images/h07/h09/11401549512734.jpg,https://www.metro.ca/en/online-grocery/search-page-259
WHITE CLAW,"Sparkling Alcoholic Malt Beverage Variety Pack, Surf",12x355 mL,"$26.99
 ea.",,$7.60 /100ml,,,,https://www.metro.ca/en/online-grocery/search-page-259
WHITE CLAW,"Yuzu Flavoured Sparkling Alcoholic Malt Beverage, Surf",6x355 mL,"$15.49
 ea.",,$0.73 /100ml,,,,https://www.metro.ca/en/online-grocery/search-page-259
GOGO SQUEEZ,4 Varieties Fruit Snack,20x90 g,"$14.99
 ea.",,$0.83 /100g,,,https://product-images.metro.ca/images/hc7/h9e/11627762712606.jpg,https://www.metro.ca/en/online-grocery/search-page-259
GOGO SQUEEZ,4 Varieties Fruit Snack,20x90 g,"$14.99
 ea.",,$0.83 /100g,,,https://product-images.metro.ca/images/h2a/h40/11665765662750.jpg,https://www.metro.ca/en/online-grocery/search-page-259
GOGO SQUEEZ,3 Varieties Fruit Snack,20x90 g,"$14.99
 ea.",,$0.83 /100g,,,https://product-images.metro.ca/images/h44/h30/11627472289822.jpg,https://www.metro.ca/en/online-grocery/search-page-259
GOGO SQUEEZ,3 Varieties Fruit Snack,20x90 g,"$14.99
 ea.",,$0.83 /100g,,,https://product-images.metro.ca/images/hdf/h26/11627525996574.jpg,https://www.metro.ca/en/online-grocery/search-page-259
WHITE CLAW,Citrus Yuzu Flavoured Sparkling Alcoholic Malt Beverage,473 mL - canette,"$4.69
 ea.",,$0.99 /100ml,,,https://product-images.metro.ca/images/h8d/had/11669848784926.jpg,https://www.metro.ca/en/online-grocery/search-page-259
STAROPRAMEN,Czech Lager Beer,4x500 mL - cans,"$13.49
 ea.",,$0.67 /100ml,"Regular price
$15.49  ea.","Valid until Feb 7, 2024",https://product-images.metro.ca/images/ha9/h28/9553037459486.jpg,https://www.metro.ca/en/online-grocery/search-page-259
DOSE,Fresh Organic Green Juice,300 mL,"$5.99
 ea.",,$2.00 /100ml,,,https://product-images.metro.ca/images/hfd/hda/11754272784414.jpg,https://www.metro.ca/en/online-grocery/search-page-259
SCHMIDT'S,Bergamot And Lime Scented Deodorant Stick,75 g,"$10.99
 ea.",,$14.65 /100g,,,https://product-images.metro.ca/images/haa/hc9/12279783456798.jpg,https://www.metro.ca/en/online-grocery/search-page-259
SCHMIDT'S,Charcoal And Magnesium Deodorant Stick,75 g,"$10.99
 ea.",,$14.65 /100g,,,https://product-images.metro.ca/images/h84/hfc/12279783161886.jpg,https://www.metro.ca/en/online-grocery/search-page-259
DOSE,Probiotic Cider,4x60 mL,"$14.99
 ea.",,$6.25 /100ml,,,https://product-images.metro.ca/images/hca/hee/11461912264734.jpg,https://www.metro.ca/en/online-grocery/search-page-259
BAVARIA,"Dutch Pilsner Beer, Premium",6x500 mL - cans,"$13.99
 ea.",,$0.47 /100ml,"Regular price
$15.49  ea.","Valid until Feb 7, 2024",,https://www.metro.ca/en/online-grocery/search-page-259
DAIYA,Mozza Flavoured Shredded Vegan Cheese,200 g,"$5.49
 ea.",,$2.75 /100g,"Regular price
$7.49  ea.","Valid until Feb 14, 2024",https://product-images.metro.ca/images/h92/ha4/11817013936158.jpg,https://www.metro.ca/en/online-grocery/search-page-259
MAILLE,Mini Crunchy Gherkins,375 mL,"$9.29
 ea.",,$2.48 /100ml,,,https://product-images.metro.ca/images/h2f/h1f/10184353579038.jpg,https://www.metro.ca/en/online-grocery/search-page-259
LA FOURNÉE DORÉE,Chocolate Croissants,360 g,"$7.79
 ea.",,$2.16 /100g,,,https://product-images.metro.ca/images/h9e/h38/11754204561438.jpg,https://www.metro.ca/en/online-grocery/search-page-259
LA FOURNÉE DORÉE,Soft Pretzel Buns,6 un,"$7.79
 ea.",,$1.95 /100g,,,https://product-images.metro.ca/images/hf0/hdf/11754234150942.jpg,https://www.metro.ca/en/online-grocery/search-page-259
LA FOURNÉE DORÉE,Pancakes,350 g,"$7.99
 ea.",,$2.28 /100g,,,https://product-images.metro.ca/images/h0a/hbe/10239290507294.jpg,https://www.metro.ca/en/online-grocery/search-page-259
FLAGRANTS DESIRS,Organic Dark Chocolate Bar,100 g,"$4.99
 ea.",,$4.99 /100g,,,https://product-images.metro.ca/images/h67/h6e/10455253254174.jpg,https://www.metro.ca/en/online-grocery/search-page-260
FLAGRANTS DESIRS,Organic Sea Salt And Dark Chocolate Bar,100 g,"$4.99
 ea.",,$4.99 /100g,,,https://product-images.metro.ca/images/h12/h31/10454850994206.jpg,https://www.metro.ca/en/online-grocery/search-page-260
LANTANA,Sriracha Carrot Hummus,283 g,"$5.49
 ea.",,$1.94 /100g,,,https://product-images.metro.ca/images/hd6/h73/11292813951006.jpg,https://www.metro.ca/en/online-grocery/search-page-260
LANTANA,Edamame Hummus,283 g,"$5.49
 ea.",,$1.94 /100g,,,https://product-images.metro.ca/images/hc4/h9c/11292814344222.jpg,https://www.metro.ca/en/online-grocery/search-page-260
HUGO GIRARD,H ISO+ Chocolate Flavoured Whey Isolate Protein,908 g,"$61.49
 ea.",,$6.77 /100g,,,https://product-images.metro.ca/images/ha7/h76/9379266789406.jpg,https://www.metro.ca/en/online-grocery/search-page-260
HUGO GIRARD,Tropical Punch Flavoured BCAA Amino Acid Complex And...,500 g,"$34.99
 ea.",,$7.00 /100g,,,,https://www.metro.ca/en/online-grocery/search-page-260
HUGO GIRARD,Vanilla Flavoured Whey Protein Isolate Supplement Po...,908 g,"$61.49
 ea.",,$6.77 /100g,,,,https://www.metro.ca/en/online-grocery/search-page-260
HUGO GIRARD,H Whey+ Chocolate Flavoured Whey Protein Concentrate,908 g,"$33.49
 ea.",,$3.69 /100g,,,https://product-images.metro.ca/images/hc3/h96/9379151249438.jpg,https://www.metro.ca/en/online-grocery/search-page-260
MARINA DEL REY,Frozen Cooked Wild Calamari Tentacles,454 g,"$10.99
 ea.",,$2.42 /100g,,,https://product-images.metro.ca/images/h48/h43/11401433382942.jpg,https://www.metro.ca/en/online-grocery/search-page-260
SANTOSH,Plain Naan Bread,1 kg,"$6.79
 ea.",,$0.68 /100g,,,https://product-images.metro.ca/images/h4c/h00/9680552591390.jpg,https://www.metro.ca/en/online-grocery/search-page-260
SANTOSH,Garlic Flavoured Naan,1 kg,"$6.79
 ea.",,$0.68 /100g,,,https://product-images.metro.ca/images/h2e/h63/9680562618398.jpg,https://www.metro.ca/en/online-grocery/search-page-260
SIMPLE JOYS,Cream Cheese Filled Croissants,272 g,"$6.49
 ea.",,$2.39 /100g,,,https://product-images.metro.ca/images/h7e/h66/11908580966430.jpg,https://www.metro.ca/en/online-grocery/search-page-260
SIMPLE JOYS,Raspberry Filled Croissants,272 g,"$6.49
 ea.",,$2.39 /100g,,,https://product-images.metro.ca/images/h28/h39/11908583325726.jpg,https://www.metro.ca/en/online-grocery/search-page-260
SIMPLE JOYS,Apple Filled Croissants,272 g,"$6.49
 ea.",,$2.39 /100g,,,https://product-images.metro.ca/images/h57/h8a/12272301670430.jpg,https://www.metro.ca/en/online-grocery/search-page-260
STONEFIRE,Artisan Flat Bread,400 g,"$5.49
 ea.",,$1.37 /100g,,,https://product-images.metro.ca/images/h00/h3d/12259300966430.jpg,https://www.metro.ca/en/online-grocery/search-page-260
STONEFIRE,Garlic Naan,200 g,"$4.69
 ea.",,$2.35 /100g,,"Valid until Jan 17, 2024",https://www.metro.ca/images/shared/placeholders/icon-no-picture.svg?v=2023.71.1.d1,https://www.metro.ca/en/online-grocery/search-page-260
STONEFIRE,Garlic Naan,250 g,"$4.69
 ea.",,$1.88 /100g,,,https://product-images.metro.ca/images/h04/h4e/12259064184862.jpg,https://www.metro.ca/en/online-grocery/search-page-260
STONEFIRE,Original Mini Naan,200 g,"$4.69
 ea.",,$2.35 /100g,,"Valid until Jan 17, 2024",https://www.metro.ca/images/shared/placeholders/icon-no-picture.svg?v=2023.71.1.d1,https://www.metro.ca/en/online-grocery/search-page-260
PERSONNELLE,Micellar Water Make Up Remover Wipes,30 un,"$3.29
 ea.",,$10.97 /100un.,,,https://product-images.metro.ca/images/ha4/hfb/10200580292638.jpg,https://www.metro.ca/en/online-grocery/search-page-260
LA FOURMI BIONIQUE,"Exciting Mixed Nuts, Foodie Mix",150 g,"$6.69
 ea.",,$4.46 /100g,,,,https://www.metro.ca/en/online-grocery/search-page-260
LA FOURMI BIONIQUE,Dark Chocolate Praline Granola Cereal,283 g,"$3.77
 ea.",,$1.33 /100g,"Regular price
$5.49  ea.","Valid until Jan 10, 2024",https://product-images.metro.ca/images/h3c/h89/11817281617950.jpg,https://www.metro.ca/en/online-grocery/search-page-260
ORGANIC MUSHROOM COMPANY,Oyster Mushroom,85 g,"$4.99
 ea.",,$5.87 /100g,,,https://product-images.metro.ca/images/h25/hc9/12073418489886.jpg,https://www.metro.ca/en/online-grocery/search-page-260
ORGANIC MUSHROOM COMPANY,Organic Sauté Blend Mushrooms,227 g,"$5.99
 ea.",,$2.64 /100g,,,https://product-images.metro.ca/images/he0/h78/12066734243870.jpg,https://www.metro.ca/en/online-grocery/search-page-260
ORGANIC MUSHROOM COMPANY,Organic Gourmet Petit Mushrooms,227 g,"$3.99
 ea.",,$1.76 /100g,,,https://product-images.metro.ca/images/he8/h5f/12073406398494.jpg,https://www.metro.ca/en/online-grocery/search-page-260
ORGANIC MUSHROOM COMPANY,Organic Porteenies Mushrooms,170 g,"$3.99
 ea.",,$2.35 /100g,,,https://product-images.metro.ca/images/haa/hbb/12073479208990.jpg,https://www.metro.ca/en/online-grocery/search-page-260
BIOSTEEL,Berry Flavoured Sport Drink,500 mL,"$3.29
 ea.",,$0.66 /100ml,,,https://product-images.metro.ca/images/h1b/h6b/11693914062878.jpg,https://www.metro.ca/en/online-grocery/search-page-260
BIOSTEEL,Peach And Mango Flavoured Sport Drink,500 mL,"$3.29
 ea.",,$0.66 /100ml,,,https://product-images.metro.ca/images/h29/h3a/11693915996190.jpg,https://www.metro.ca/en/online-grocery/search-page-260
BIOSTEEL,Rainbow Twist Flavoured Sport Drink,500 mL,"$3.29
 ea.",,$0.66 /100ml,,,https://product-images.metro.ca/images/h67/h97/11693914587166.jpg,https://www.metro.ca/en/online-grocery/search-page-260
BIOSTEEL,Blue Raspberry Flavoured Sports Drink,500 mL,"$3.29
 ea.",,$0.66 /100ml,,,https://product-images.metro.ca/images/h49/h7c/11693912915998.jpg,https://www.metro.ca/en/online-grocery/search-page-260
BIOSTEEL,White Freeze Flavoured Sport Drink,500 mL,"$3.29
 ea.",,$0.66 /100ml,,,https://product-images.metro.ca/images/h4f/ha4/11693940441118.jpg,https://www.metro.ca/en/online-grocery/search-page-260
PUR,Chow Mein Chinese Noodle,454 g,"$4.69
 ea.",,$1.03 /100g,,,https://product-images.metro.ca/images/h33/hf5/9512631762974.jpg,https://www.metro.ca/en/online-grocery/search-page-261
PUR,Udon Instant Noodles,4x200 g,"$4.99
 ea.",,$0.62 /100g,,,https://product-images.metro.ca/images/h34/h6d/9658260914206.jpg,https://www.metro.ca/en/online-grocery/search-page-261
ASIAN INSPIRATIONS,Frozen General Tso Chicken,400 g,"$7.49
 ea.",,$1.87 /100g,,"Valid until Jan 17, 2024",https://product-images.metro.ca/images/h0f/h90/11735189356574.jpg,https://www.metro.ca/en/online-grocery/search-page-261
ASIAN INSPIRATIONS,Frozen Sweet Thai Chili Chicken,400 g,"$7.49
 ea.",,$1.87 /100g,,"Valid until Jan 17, 2024",https://product-images.metro.ca/images/h8e/hf4/11412634271774.jpg,https://www.metro.ca/en/online-grocery/search-page-261
PUR,Mirin Sweet Cooking Seasoning,298 mL,"$4.49
 ea.",,$1.51 /100ml,"Regular price
$4.99  ea.","Valid until Jan 24, 2024",https://product-images.metro.ca/images/h67/h16/10073842188318.jpg,https://www.metro.ca/en/online-grocery/search-page-261
ASIAN INSPIRATIONS,Frozen Vegetable Fried Rice,450 g,"$7.49
 ea.",,$1.66 /100g,,"Valid until Jan 17, 2024",https://product-images.metro.ca/images/hf3/h3c/11412652851230.jpg,https://www.metro.ca/en/online-grocery/search-page-261
LAURA SECORD,Chocolate Chip Cake,575 g,"$19.99
 ea.",,$3.48 /100g,,,https://product-images.metro.ca/images/h46/hdd/10794231758878.jpg,https://www.metro.ca/en/online-grocery/search-page-261
CAMELLIA SINENSIS,Matcha Sora Green Tea,40 g,"$15.99
 ea.",,$39.98 /100g,,,https://product-images.metro.ca/images/h46/h6d/10970129661982.jpg,https://www.metro.ca/en/online-grocery/search-page-261
ASIAN INSPIRATIONS,Thai Sweet Chili Chicken,900 g,"$12.00
 ea.",,$1.33 /100g,,,https://product-images.metro.ca/images/h16/h60/11412684341278.jpg,https://www.metro.ca/en/online-grocery/search-page-261
ASIAN INSPIRATIONS,General Tao Tempura Style Chicken,900 g,"$12.00
 ea.",,$1.33 /100g,,,https://product-images.metro.ca/images/h9c/h4a/11412683915294.jpg,https://www.metro.ca/en/online-grocery/search-page-261
O'MER,Squid Ink And Squid In Pieces,120 g,"$2.49
 ea.",,$2.07 /100g,"Regular price
$2.99  ea.","Valid until Jan 24, 2024",https://product-images.metro.ca/images/h13/h2e/11590884622366.jpg,https://www.metro.ca/en/online-grocery/search-page-261
O'MER,Sunflower Oil Squid In Pieces,115 g,"$3.99
 ea.",,$3.47 /100g,"Regular price
$4.49  ea.","Valid until Jan 24, 2024",https://product-images.metro.ca/images/h77/hd4/11590921453598.jpg,https://www.metro.ca/en/online-grocery/search-page-261
BOEUF QUÉBEC,Sliced Old Fashioned Smoked Meat,500 g,"$17.99
 ea.",,$3.60 /100g,,,https://product-images.metro.ca/images/h7d/hb3/11132318056478.jpg,https://www.metro.ca/en/online-grocery/search-page-261
,Organic Ambrosia Apples,3 lb,"$6.99
 ea.",,$0.51 /100lb.,,,https://www.metro.ca/images/shared/placeholders/icon-no-picture.svg?v=2023.71.1.d1,https://www.metro.ca/en/online-grocery/search-page-261
LEVITTS,Montreal Smoked Meat Pasta Sauce,750 mL,"$10.99
 ea.",,$1.47 /100ml,,,https://product-images.metro.ca/images/h31/hf4/11486270685214.jpg,https://www.metro.ca/en/online-grocery/search-page-261
PUR,Sriracha Sauce,718 mL,"$9.99
 ea.",,$1.39 /100ml,,,https://www.metro.ca/images/shared/placeholders/icon-no-picture.svg?v=2023.71.1.d1,https://www.metro.ca/en/online-grocery/search-page-261
,Organic Gluten Free Pitted Dates,200 g,"2 / 
$7.00",,$1.75 /100g,"Regular price
$3.99  ea.","Valid until Jan 17, 2024",https://product-images.metro.ca/images/h7e/h4e/10365238607902.jpg,https://www.metro.ca/en/online-grocery/search-page-261
TRUE EARTH,Fragrance Free Laundry Detergent Strips,32 loads - 1 un,"$16.99
 ea.",,$16.99 /un.,,,https://product-images.metro.ca/images/hfd/h83/10510699823134.jpg,https://www.metro.ca/en/online-grocery/search-page-261
TRUE EARTH,Fresh Linen Scented Laundry Detergent Strips,32 loads - 1 un,"$16.99
 ea.",,$16.99 /un.,,,https://product-images.metro.ca/images/hde/h36/10510866808862.jpg,https://www.metro.ca/en/online-grocery/search-page-261
MIRABEL,Fleur De Mirabel Lettuce Duo,2 un,"$4.99
 ea.",,$4.99 /un.,,,https://product-images.metro.ca/images/h8f/he7/11374944354334.jpg,https://www.metro.ca/en/online-grocery/search-page-261
LE TROU DU DIABLE MICROBREWERY,"Beer Assortment, The Devil'S Classics",12x355 mL - cans,"$26.99
 ea.",,$0.63 /100ml,"Regular price
$28.99  ea.","Valid until Feb 7, 2024",,https://www.metro.ca/en/online-grocery/search-page-261
TUTTI GOURMET,"Gluten Free Chocolate, Almond, And Cinnamon Biscotti",180 g,"$6.49
 ea.",,$3.61 /100g,,,https://product-images.metro.ca/images/hb9/he7/11761652105246.jpg,https://www.metro.ca/en/online-grocery/search-page-261
IRRESISTIBLES,Sweet Maui Onion Chips,130 g,"$2.99
 ea.",,$2.30 /100g,,,https://product-images.metro.ca/images/hc0/hd5/11556860755998.jpg,https://www.metro.ca/en/online-grocery/search-page-261
SELECTION,Cheese Bagel,340 g,"$4.49
 ea.",,$1.32 /100g,,,https://product-images.metro.ca/images/h93/hf7/11503863300126.jpg,https://www.metro.ca/en/online-grocery/search-page-261
IRRESISTIBLES,Wine And Shallots Seasoned Beef Bavette,225 g,"$10.99
 ea.",,$4.88 /100g,,,https://product-images.metro.ca/images/hc7/h24/11556860067870.jpg,https://www.metro.ca/en/online-grocery/search-page-261
TIDE,Light Ocean Mist Scented HE 3-In-1 Laundry Detergent...,81 un,"$29.49
 ea.",,$1.47 /100kg,,,,https://www.metro.ca/en/online-grocery/search-page-261
TIDE,Light White Lavender Scented HE 3-In-1 Laundry Dete...,81 un,"$29.49
 ea.",,$1.47 /100kg,,,,https://www.metro.ca/en/online-grocery/search-page-261
KRAFT,Parmesan Grated Cheese,250 g,"$10.99
 ea.",,$4.40 /100g,,,https://product-images.metro.ca/images/hcb/hce/12175627911198.jpg,https://www.metro.ca/en/online-grocery/search-page-261
KITKAT,"Crispy Wafer Pieces With Hazlenut Chocolate Coating,...",160 g,"$5.29
 ea.",,$3.31 /100g,,,,https://www.metro.ca/en/online-grocery/search-page-261
QUAKER,High Protein Regular Instant Oatmeal,168 g,"$3.49
 ea.",,$2.08 /100g,"Regular price
$4.99  ea.","Valid until Feb 7, 2024",https://product-images.metro.ca/images/h9f/h55/12279859019806.jpg,https://www.metro.ca/en/online-grocery/search-page-261
YOFIIT,Vanilla Flavoured Chickpea Beverage,946 mL,"$4.49
 ea.",,$0.47 /100ml,"Regular price
$4.99  ea.","Valid until Jan 10, 2024",https://product-images.metro.ca/images/hc0/h95/11522718171166.jpg,https://www.metro.ca/en/online-grocery/search-page-262
DOLE,Pineapple Mango Juice,4x240 mL,"$6.29
 ea.",,$0.66 /100ml,,,https://product-images.metro.ca/images/h0a/ha0/12175703441438.jpg,https://www.metro.ca/en/online-grocery/search-page-262
KELLOGG'S,"Chocolate Chip Cookie Dough Crispy Rice Squares, Ric...",176 g,"$2.99
 ea.",,$1.70 /100g,"Regular price
$4.49  ea.","Valid until Jan 10, 2024",,https://www.metro.ca/en/online-grocery/search-page-262
OATBOX,Original Flavour Fortified Oat Beverage,946 mL,"$2.79
 ea.",,$0.29 /100ml,"Regular price
$3.69  ea.","Valid until Jan 10, 2024",https://product-images.metro.ca/images/he5/h53/11679825068062.jpg,https://www.metro.ca/en/online-grocery/search-page-262
NOT MILK,Gluten Free Whole Plant-Based Beverage,946 mL,"$3.49
 ea.",,$0.37 /100ml,"Regular price
$3.79  ea.","Valid until Feb 7, 2024",https://product-images.metro.ca/images/h03/h09/11601660641310.jpg,https://www.metro.ca/en/online-grocery/search-page-262
OATBOX,Barista Oat Beverage,946 mL,"$5.49
 ea.",,$0.58 /100ml,,,https://product-images.metro.ca/images/h48/h86/11679823855646.jpg,https://www.metro.ca/en/online-grocery/search-page-262
NOT MILK,Gluten Free Chocolate Plant-Based Beverage,946 mL,"$3.49
 ea.",,$0.37 /100ml,"Regular price
$3.79  ea.","Valid until Feb 7, 2024",https://product-images.metro.ca/images/h51/hfd/11601506697246.jpg,https://www.metro.ca/en/online-grocery/search-page-262
SMUCKER'S,"Chocolate Flavoured Hazelnut Spread Sandwiches, Uncr...",4x52 g,"$5.99
 ea.",,$2.88 /100g,,,,https://www.metro.ca/en/online-grocery/search-page-262
SMUCKER'S,Frozen Peanut Butter And Strawberry Spread Sandwichs...,4x58 g,"$5.99
 ea.",,$2.58 /100g,,,,https://www.metro.ca/en/online-grocery/search-page-262
PASTA RONI,White Cheddar Shells Pasta,175 g,"$1.66
 ea.",,$0.95 /100g,"Regular price
$1.99  ea.","Valid until Jan 10, 2024",https://product-images.metro.ca/images/hf2/h92/12279868620830.jpg,https://www.metro.ca/en/online-grocery/search-page-262
PASTA RONI,Angel Hair Pasta In A Parmesan Sauce,144 g,"$1.66
 ea.",,$1.15 /100g,"Regular price
$1.99  ea.","Valid until Jan 10, 2024",https://product-images.metro.ca/images/h94/hc0/11601657102366.jpg,https://www.metro.ca/en/online-grocery/search-page-262
PASTA RONI,Garlic And Olive Oil Vermicelli Pasta,130 g,"$1.66
 ea.",,$1.28 /100g,"Regular price
$1.99  ea.","Valid until Jan 10, 2024",https://product-images.metro.ca/images/h64/h3e/11601286725662.jpg,https://www.metro.ca/en/online-grocery/search-page-262
PASTA RONI,Angel Hair Pasta With Herbs,136 g,"$1.66
 ea.",,$1.22 /100g,"Regular price
$1.99  ea.","Valid until Jan 10, 2024",https://product-images.metro.ca/images/h45/hb4/12279870619678.jpg,https://www.metro.ca/en/online-grocery/search-page-262
KELLOGG'S,"Original Minis Cereals, Mini-Wheats",451 g,"$4.49
 ea.",,$1.00 /100g,"Regular price
$7.49  ea.","Valid until Jan 10, 2024",,https://www.metro.ca/en/online-grocery/search-page-262
KELLOGG'S,"Special Edition Honey Flavour Cereals, Mini-Wheats",405 g,"$4.49
 ea.",,$1.11 /100g,"Regular price
$7.49  ea.","Valid until Jan 10, 2024",,https://www.metro.ca/en/online-grocery/search-page-262
KELLOGG'S,"Banana And Chocolate Chips Waffles, Eggo",280 g,"$3.99
 ea.",,$1.42 /100g,"Regular price
$4.79  ea.","Valid until Feb 14, 2024",,https://www.metro.ca/en/online-grocery/search-page-262
MAPLE LEAF,Canadian Maple & Apple Flavoured Pork Tenderloin,400 g,"$13.99
 ea.",,$3.50 /100g,,,https://product-images.metro.ca/images/h9f/hc3/12175706259486.jpg,https://www.metro.ca/en/online-grocery/search-page-262
MAPLE LEAF,Rotisserie Seasoned Chicken Legs,600 g,"$13.99
 ea.",,$2.33 /100g,,,https://product-images.metro.ca/images/ha7/ha7/12175725690910.jpg,https://www.metro.ca/en/online-grocery/search-page-262
CAMPBELL'S,"Vegetable And Jerk Chicken Soup, Chunky",515 mL,"$4.99
 ea.",,$0.97 /100ml,,,,https://www.metro.ca/en/online-grocery/search-page-262
NATURE VALLEY,Chocolate-Coated Oat Granola Bar,132 g,"$3.99
 ea.",,$3.02 /100g,"Regular price
$5.49  ea.","Valid until Feb 7, 2024",https://product-images.metro.ca/images/h4c/h51/11735299588126.jpg,https://www.metro.ca/en/online-grocery/search-page-262
NATURE VALLEY,Chocolate And Peanut Butter Granola Bar,132 g,"$3.99
 ea.",,$3.02 /100g,"Regular price
$5.49  ea.","Valid until Feb 7, 2024",https://product-images.metro.ca/images/h41/h5c/11735299915806.jpg,https://www.metro.ca/en/online-grocery/search-page-262
TOSTITOS,Hint Of Zesty Cheddar Flavoured Tortilla Chip,275 g,"2 / 
$8.50",,or $4.99 ea. $1.55 /100g,,"Valid until Jan 24, 2024",https://product-images.metro.ca/images/h3d/h6c/12234962927646.jpg,https://www.metro.ca/en/online-grocery/search-page-262
PEPSI,"Zero Sugar Wild Cherry Flavoured Soft Drink, Zero Sugar",12x355 mL,"$6.98
 ea.",,$1.97 /100ml,"Regular price
$7.99  ea.","Valid until Jan 10, 2024",,https://www.metro.ca/en/online-grocery/search-page-262
MIKES,Frozen Spicy Chorizo Pizza,850 g,"$11.99
 ea.",,$1.41 /100g,,,https://www.metro.ca/images/shared/placeholders/icon-no-picture.svg?v=2023.71.1.d1,https://www.metro.ca/en/online-grocery/search-page-262
COPPER BRANCH,Frozen Mediterraneo Power Bowl,400 g,"$7.99
 ea.",,$2.00 /100g,"Regular price
$9.49  ea.","Valid until Feb 14, 2024",https://product-images.metro.ca/images/h20/hd9/11644703735838.jpg,https://www.metro.ca/en/online-grocery/search-page-262
COPPER BRANCH,Frozen Alfredo And Pesto Spaghetti,400 g,"$7.99
 ea.",,$2.00 /100g,"Regular price
$9.49  ea.","Valid until Feb 14, 2024",https://product-images.metro.ca/images/h84/hd9/11666287099934.jpg,https://www.metro.ca/en/online-grocery/search-page-262
TRADITION,Apple And Pomegranate Juice,1.5 L,"$3.99
 ea.",,$0.27 /100ml,"Regular price
$4.69  ea.","Valid until Jan 10, 2024",https://product-images.metro.ca/images/hb8/hd2/11754391404574.jpg,https://www.metro.ca/en/online-grocery/search-page-262
TRADITION,Apple And Raspberry Juice,1.5 L,"$3.99
 ea.",,$0.27 /100ml,"Regular price
$4.69  ea.","Valid until Jan 10, 2024",https://product-images.metro.ca/images/h0f/h25/11994918846494.jpg,https://www.metro.ca/en/online-grocery/search-page-262
TRADITION,Apple And Peach Cocktail,1.5 L,"$3.99
 ea.",,$0.27 /100ml,"Regular price
$4.69  ea.","Valid until Jan 10, 2024",https://product-images.metro.ca/images/hd8/h5c/11754389897246.jpg,https://www.metro.ca/en/online-grocery/search-page-262
TRADITION,Apple And Cranberry Cocktail,1.5 L,"$3.99
 ea.",,$0.27 /100ml,"Regular price
$4.69  ea.","Valid until Jan 10, 2024",https://product-images.metro.ca/images/hbe/h48/11754389536798.jpg,https://www.metro.ca/en/online-grocery/search-page-262
TRADITION,Apple And Mango Juice,1.5 L,"$3.99
 ea.",,$0.27 /100ml,"Regular price
$4.69  ea.","Valid until Jan 10, 2024",https://product-images.metro.ca/images/h2f/h0c/11994917961758.jpg,https://www.metro.ca/en/online-grocery/search-page-263
ROUGEMONT,"Old Fashion Apple Juice Not From Concentrate, Orchar...",1.54 L,"$3.99
 ea.",,$0.26 /100ml,"Regular price
$5.49  ea.","Valid until Jan 10, 2024",,https://www.metro.ca/en/online-grocery/search-page-263
SQUIZZ,"Strawberry Shortcake Flavoured Ice Cream, Vice & Versa",473 mL,"$8.99
 ea.",,$1.90 /100ml,,,,https://www.metro.ca/en/online-grocery/search-page-263
SQUIZZ,"Chocolate Cake And Raspberry Flavoured Ice Cream, Vi...",473 mL,"$8.99
 ea.",,$1.90 /100ml,,,,https://www.metro.ca/en/online-grocery/search-page-263
SQUIZZ,"Chocolate Cake And Caramel Flavoured Ice Cream, Vice...",473 mL,"$8.99
 ea.",,$1.90 /100ml,,,,https://www.metro.ca/en/online-grocery/search-page-263
NÜGABAR,Caramel And Chocolate Nougat Bar,175 g,"$1.77
 ea.",,$1.01 /100g,"Regular price
$3.79  ea.","Valid until Jan 10, 2024",https://product-images.metro.ca/images/hc8/hd7/11601336696862.jpg,https://www.metro.ca/en/online-grocery/search-page-263
NÜGABAR,Cookies & Cream Flavoured Nougat Bar,175 g,"$1.77
 ea.",,$1.01 /100g,"Regular price
$3.79  ea.","Valid until Jan 10, 2024",https://product-images.metro.ca/images/hb5/h61/11601381261342.jpg,https://www.metro.ca/en/online-grocery/search-page-263
NÜGABAR,Caramel And Dark Chocolate Nougat Bar,175 g,"$1.77
 ea.",,$1.01 /100g,"Regular price
$3.79  ea.","Valid until Jan 10, 2024",https://product-images.metro.ca/images/h8d/h29/11601552900126.jpg,https://www.metro.ca/en/online-grocery/search-page-263
NÜGABAR,Strawberry Sundae Nougat Bar,175 g,"$1.77
 ea.",,$1.01 /100g,"Regular price
$3.79  ea.","Valid until Jan 10, 2024",https://product-images.metro.ca/images/h1a/h83/11601666146334.jpg,https://www.metro.ca/en/online-grocery/search-page-263
NÜGABAR,Chocolate Fudge Nougat Bar,175 g,"$1.77
 ea.",,$1.01 /100g,"Regular price
$3.79  ea.","Valid until Jan 10, 2024",https://product-images.metro.ca/images/ha8/hb4/11601653301278.jpg,https://www.metro.ca/en/online-grocery/search-page-263
NÜGABAR,Nanaimo Flavoured Nougat Bar,175 g,"$1.77
 ea.",,$1.01 /100g,"Regular price
$3.79  ea.","Valid until Jan 10, 2024",https://product-images.metro.ca/images/h98/hd0/11601642225694.jpg,https://www.metro.ca/en/online-grocery/search-page-263
BETTY CROCKER,"Tropical Fruits Flavoured Fruit Rolls Snacks, Fruit ...",141 g,"2 / 
$6.00",,or $3.99 ea. $2.13 /100g,,"Valid until Feb 7, 2024",,https://www.metro.ca/en/online-grocery/search-page-263
TRADITION,Apple And Grape Juice,1.5 L,"$3.99
 ea.",,$0.27 /100ml,"Regular price
$4.69  ea.","Valid until Jan 10, 2024",https://product-images.metro.ca/images/haf/h1f/11754484531230.jpg,https://www.metro.ca/en/online-grocery/search-page-263
SELECTION,Lactose Free Old Cheddar Cheese Block,400 g,"$3.97
 ea.",,$0.99 /100g,"Regular price
$6.49  ea.","Valid until Jan 10, 2024",https://product-images.metro.ca/images/h17/h2b/11375376007198.jpg,https://www.metro.ca/en/online-grocery/search-page-263
NUTS TO YOU NUT BUTTER,"Cashew, Brazil Nut And Coconut Smooth Rainsforest Bu...",365 g,"$9.99
 ea.",,$2.74 /100g,"Regular price
$10.49  ea.","Valid until Feb 7, 2024",,https://www.metro.ca/en/online-grocery/search-page-263
THOMAS,Maple French Toast Flavoured Breakfast Bread,454 g,"2 / 
$7.98",,or $4.99 ea. $0.88 /100g,"Regular price
$5.99  ea.","Valid until Jan 10, 2024",https://product-images.metro.ca/images/h23/h85/12175598747678.jpg,https://www.metro.ca/en/online-grocery/search-page-263
DISNEY,"Vanilla Flavoured Ice Cream Bars, Mickey Mouse",4x75 mL,"$5.99
 ea.",,$2.00 /100ml,"Regular price
$8.79  ea.","Valid until Jan 24, 2024",,https://www.metro.ca/en/online-grocery/search-page-263
HEALTHY CHOICE,Frozen Sesame Chicken With Zoodles,269 g,"$5.99
 ea.",,$2.23 /100g,"Regular price
$6.99  ea.","Valid until Feb 14, 2024",https://product-images.metro.ca/images/h99/h2f/11322174406686.jpg,https://www.metro.ca/en/online-grocery/search-page-263
THOMAS,Apple Strudel Flavoured Breakfast Bread,454 g,"2 / 
$7.98",,or $4.99 ea. $0.88 /100g,"Regular price
$5.99  ea.","Valid until Jan 10, 2024",https://product-images.metro.ca/images/hd8/hdf/12175603171358.jpg,https://www.metro.ca/en/online-grocery/search-page-263
HÄAGEN-DAZS,Chocolate And Peanut Butter Flavoured Ice Cream,400 mL,"$4.99
 ea.",,$1.25 /100ml,"Regular price
$6.69  ea.","Valid until Jan 24, 2024",https://product-images.metro.ca/images/h86/h6f/12175606415390.jpg,https://www.metro.ca/en/online-grocery/search-page-263
HÄAGEN-DAZS,Mint And Chocolate Fudge Chips Flavoured Ice Cream,414 mL,"$4.99
 ea.",,$1.21 /100ml,"Regular price
$6.69  ea.","Valid until Jan 24, 2024",https://product-images.metro.ca/images/hc2/h10/12175574138910.jpg,https://www.metro.ca/en/online-grocery/search-page-263
HÄAGEN-DAZS,Strawberry And Cream Flavoured Ice Cream Bar,3x72 mL,"$4.99
 ea.",,$2.31 /100ml,"Regular price
$6.69  ea.","Valid until Jan 24, 2024",https://product-images.metro.ca/images/h09/hd1/12175588458526.jpg,https://www.metro.ca/en/online-grocery/search-page-263
LECLERC,"Apple And Cinnamon Oatmeal Bars, Go Pure",175 g,"$4.29
 ea.",,$2.45 /100g,,,,https://www.metro.ca/en/online-grocery/search-page-263
LECLERC,"Banana Bread And Chocolate Chip Oatmeal Bars, Go Pure",175 g,"$4.29
 ea.",,$2.45 /100g,,,,https://www.metro.ca/en/online-grocery/search-page-263
HÄAGEN-DAZS,Raspberry And Mango Flavoured Ice Cream Bar,3x72 mL,"$4.99
 ea.",,$2.31 /100ml,"Regular price
$6.69  ea.","Valid until Jan 24, 2024",https://product-images.metro.ca/images/h73/h81/12175588786206.jpg,https://www.metro.ca/en/online-grocery/search-page-263
LECLERC,"Brown Sugar And Maple Oatmeal Bars, Go Pure",175 g,"$4.29
 ea.",,$2.45 /100g,,,,https://www.metro.ca/en/online-grocery/search-page-263
MOLSON,Strawberry Mimosa Flavoured Alcoholic Sparkling Wate...,473 mL,"2 / 
$7.00",,or $4.49 ea. $0.74 /100ml,,"Valid until Feb 7, 2024",,https://www.metro.ca/en/online-grocery/search-page-263
MOLSON,Lemon & Blackberry Flavoured Alcoholic Sparkling Wat...,473 mL,"2 / 
$7.00",,or $4.49 ea. $0.74 /100ml,,"Valid until Feb 7, 2024",,https://www.metro.ca/en/online-grocery/search-page-263
FRUITÉ,Raspberry Lemonade,2 L,"2 / 
$6.00",,$0.15 /100ml,"Regular price
$3.59  ea.","Valid until Jan 10, 2024",https://product-images.metro.ca/images/h85/h65/12175586066462.jpg,https://www.metro.ca/en/online-grocery/search-page-263
MOLSON,"Cherry Slushie Flavoured Alcoholic Sparkling Water, ...",473 mL,"2 / 
$7.00",,or $3.99 ea. $0.74 /100ml,,"Valid until Feb 7, 2024",,https://www.metro.ca/en/online-grocery/search-page-263
BLUEWATER SEAFOODS,"Frozen Uncooked Breaded Wild Alaska Pollock Fillets,...",431 g,"$8.99
 ea.",,$2.09 /100g,"Regular price
$12.99  ea.","Valid until Jan 10, 2024",,https://www.metro.ca/en/online-grocery/search-page-264
DRUMSTICK,Toffee Graham Crunch Flavoured Frozen Dessert Cones,4x135 mL,"$5.99
 ea.",,$1.36 /100ml,"Regular price
$8.79  ea.","Valid until Jan 24, 2024",https://product-images.metro.ca/images/h80/hbb/11322258096158.jpg,https://www.metro.ca/en/online-grocery/search-page-264
DRUMSTICK,Coffee Crisp Frozen Dessert Cones,4x135 mL,"$5.99
 ea.",,$1.11 /100ml,"Regular price
$8.79  ea.","Valid until Jan 24, 2024",https://product-images.metro.ca/images/h02/h24/12175555559454.jpg,https://www.metro.ca/en/online-grocery/search-page-264
DARE,"Original Crackers, Breton",200 g,"$1.99
 ea.",,$1.00 /100g,"Regular price
$4.29  ea.","Valid until Jan 10, 2024",,https://www.metro.ca/en/online-grocery/search-page-264
DARE,"Original Crackers, Vinta",225 g,"$1.99
 ea.",,$0.88 /100g,"Regular price
$4.29  ea.","Valid until Jan 10, 2024",,https://www.metro.ca/en/online-grocery/search-page-264
DARE,"Garden Vegetable Flavoured Crackers, Breton",200 g,"$1.99
 ea.",,$1.00 /100g,"Regular price
$4.29  ea.","Valid until Jan 10, 2024",,https://www.metro.ca/en/online-grocery/search-page-264
BABY GOURMET,"Banana, Pumpkin, Cinnamon And Oat Meal Puree For 6+ ...",113 mL,"$2.49
 ea.",,$2.20 /100ml,,,,https://www.metro.ca/en/online-grocery/search-page-264
TOPO CHICO,Strawberry And Guava Flavoured Alcoholic Sparkling W...,473 mL,"2 / 
$8.00",,or $4.79 ea. $0.85 /100ml,,"Valid until Feb 7, 2024",,https://www.metro.ca/en/online-grocery/search-page-264
SIMPLY SPIKED,Signature Lemonade Flavoured Alcoholic Malt Beverage,12x355 mL,"$25.99
 ea.",,$7.32 /100ml,,,https://product-images.metro.ca/images/h97/h8f/11742208458782.jpg,https://www.metro.ca/en/online-grocery/search-page-264
SIMPLY SPIKED,Lemonade Flavoured Alcoholic Malt Beverages Variety ...,12x355 mL,"$25.99
 ea.",,$7.32 /100ml,,,,https://www.metro.ca/en/online-grocery/search-page-264
ARCHIBALD,"Lager Beer, La Bopère",473 mL,"$3.99
 ea.",,$0.84 /100ml,,,,https://www.metro.ca/en/online-grocery/search-page-264
DARE,"Multigrain Crackers, Breton",200 g,"$1.99
 ea.",,$1.00 /100g,"Regular price
$4.29  ea.","Valid until Jan 10, 2024",,https://www.metro.ca/en/online-grocery/search-page-264
DARE,"Cracked Pepper And Olive Oil Flavoured Crackers, Breton",200 g,"$1.99
 ea.",,$1.00 /100g,"Regular price
$4.29  ea.","Valid until Jan 10, 2024",,https://www.metro.ca/en/online-grocery/search-page-264
VAN HOUTTE,Organic Espresso K-Cup® Coffee Pods,20 un,"$19.99
 ea.",,$1.00 /un.,,,https://product-images.metro.ca/images/h0f/hce/12230627622942.jpg,https://www.metro.ca/en/online-grocery/search-page-264
VAN HOUTTE,Organic Nicaraguan K-Cup® Coffee Pods,20 un,"$19.99
 ea.",,$1.00 /un.,,,https://product-images.metro.ca/images/h74/h43/11493384847390.jpg,https://www.metro.ca/en/online-grocery/search-page-264
VAN HOUTTE,Organic Honduras K-Cup® Coffee Pods,20 un,"$19.99
 ea.",,$1.00 /un.,,,https://product-images.metro.ca/images/h9e/ha9/11735308763166.jpg,https://www.metro.ca/en/online-grocery/search-page-264
GHIRARDELLI,Milk Chocolate Caramel Bar,138 g,"$5.29
 ea.",,$3.83 /100g,,"Valid until Jan 10, 2024",https://product-images.metro.ca/images/h24/h2a/11386406567966.jpg,https://www.metro.ca/en/online-grocery/search-page-264
SELECTION,Lactose Free Old Marble Cheddar Cheese Block,400 g,"$3.97
 ea.",,$0.99 /100g,"Regular price
$6.49  ea.","Valid until Jan 10, 2024",https://product-images.metro.ca/images/h64/h22/12175605465118.jpg,https://www.metro.ca/en/online-grocery/search-page-264
ILLY,Classic Roast K-Cup® Coffee Capsules,10 un,"$11.49
 ea.",,$1.15 /un.,,,https://product-images.metro.ca/images/h5b/h18/11352061018142.jpg,https://www.metro.ca/en/online-grocery/search-page-264
DRUMSTICK,Plant-Based Vanilla And Chocolate Swirl Frozen Desse...,4x120 mL,"$5.99
 ea.",,$1.25 /100ml,"Regular price
$8.79  ea.","Valid until Jan 24, 2024",,https://www.metro.ca/en/online-grocery/search-page-264
DRUMSTICK,Caramel Flavoured Plant-Based Frozen Dessert Cones,4x120 mL,"$5.99
 ea.",,$1.25 /100ml,"Regular price
$8.79  ea.","Valid until Jan 24, 2024",https://product-images.metro.ca/images/hca/he3/12175611363358.jpg,https://www.metro.ca/en/online-grocery/search-page-264
OREO,Original Flavour Sandwich Cookies,439 g,"$4.49
 ea.",,$1.02 /100g,"Regular price
$5.99  ea.","Valid until Jan 10, 2024",https://product-images.metro.ca/images/h88/h44/12175617556510.jpg,https://www.metro.ca/en/online-grocery/search-page-264
FUDGEE-O,Original Flavour Fudge Cookies,488 g,"$4.49
 ea.",,$0.92 /100g,"Regular price
$5.99  ea.","Valid until Jan 10, 2024",https://product-images.metro.ca/images/hf5/hb5/11746730377246.jpg,https://www.metro.ca/en/online-grocery/search-page-264
OREO,Double Stuffed Sandwich Cookies,436 g,"$4.49
 ea.",,$1.03 /100g,"Regular price
$5.99  ea.","Valid until Jan 10, 2024",https://product-images.metro.ca/images/h81/hb9/12175619162142.jpg,https://www.metro.ca/en/online-grocery/search-page-264
DARE,"Crackers With Reduced Fat And Salt, Breton",200 g,"$1.99
 ea.",,$1.00 /100g,"Regular price
$4.29  ea.","Valid until Jan 10, 2024",,https://www.metro.ca/en/online-grocery/search-page-264
DARE,"Rosemary And Olive Oil Flavoured Crackers, Vinta",225 g,"$1.99
 ea.",,$0.88 /100g,"Regular price
$4.29  ea.","Valid until Jan 10, 2024",,https://www.metro.ca/en/online-grocery/search-page-264
DARE,"Roasted Red Pepper Flavoured Crackers, Vinta",225 g,"$1.99
 ea.",,$0.88 /100g,"Regular price
$4.29  ea.","Valid until Jan 10, 2024",,https://www.metro.ca/en/online-grocery/search-page-264
GHIRARDELLI,Dark Chocolate Caramel Sea Salt Bar,138 g,"$5.29
 ea.",,$3.83 /100g,,"Valid until Jan 10, 2024",https://product-images.metro.ca/images/ha4/hfb/11386393526302.jpg,https://www.metro.ca/en/online-grocery/search-page-264
GAIN,"Laundry Detergent Pods, Odor Defense",81 un,"$26.99
 ea.",,$1.57 /100kg,,,,https://www.metro.ca/en/online-grocery/search-page-264
HAAGEN DAZS,Caramel Flavoured Fudge Chip Ice Cream,400 mL,"$4.99
 ea.",,$1.25 /100ml,"Regular price
$6.69  ea.","Valid until Jan 24, 2024",https://product-images.metro.ca/images/h79/hfc/12175607889950.jpg,https://www.metro.ca/en/online-grocery/search-page-264
BONNE MAMAN,Cocoa And Hazelnut Spread,250 g,"$7.29
 ea.",,$2.92 /100g,,,https://product-images.metro.ca/images/h45/h21/11368789934110.jpg,https://www.metro.ca/en/online-grocery/search-page-265
MOLSON,"Slushie Flavoured Carbonated Alcoholic Water, Coors",12x355 mL,"$24.99
 ea.",,$7.04 /100ml,,,,https://www.metro.ca/en/online-grocery/search-page-265
BABY GOURMET,"Pumpkin, Apple And Quinoa Puree For 6+ Months",113 mL,"$2.49
 ea.",,$2.20 /100ml,,,https://product-images.metro.ca/images/hfa/h75/12192283820062.jpg,https://www.metro.ca/en/online-grocery/search-page-265
METROGO!,Sriracha Crab And Salmon Tournedos,2 per tray,"$17.85
 avg. ea.",(450 g avg.),$39.66 /kg$17.99 /lb.,,,https://product-images.metro.ca/images/he6/h29/11931047198750.jpg,https://www.metro.ca/en/online-grocery/search-page-265
SELECTION,Old White Cheddar Cheese,250 g,"$5.29
 ea.",,$2.12 /100g,,,https://product-images.metro.ca/images/h42/h39/10062277115934.jpg,https://www.metro.ca/en/online-grocery/search-page-265
SELECTION,Mild Marble Cheddar Cheese,250 g,"$5.29
 ea.",,$2.12 /100g,,,https://product-images.metro.ca/images/hd2/h29/10062278918174.jpg,https://www.metro.ca/en/online-grocery/search-page-265
SELECTION,Partly Skimmed Mozzarella Cheese,250 g,"$5.29
 ea.",,$2.12 /100g,,,https://product-images.metro.ca/images/h81/h83/10109409034270.jpg,https://www.metro.ca/en/online-grocery/search-page-265
SELECTION,Medium White Cheddar Cheese,250 g,"$5.29
 ea.",,$2.12 /100g,,,https://product-images.metro.ca/images/h9d/h6c/10109407264798.jpg,https://www.metro.ca/en/online-grocery/search-page-265
SELECTION,Mild White Cheddar Cheese,250 g,"$5.29
 ea.",,$2.12 /100g,,,https://product-images.metro.ca/images/hab/h96/10109408608286.jpg,https://www.metro.ca/en/online-grocery/search-page-265
SELECTION,Mozzarella Cheese,250 g,"$5.29
 ea.",,$2.12 /100g,,,https://product-images.metro.ca/images/h2e/haf/10170728284190.jpg,https://www.metro.ca/en/online-grocery/search-page-265
COMMENSAL,Veggie Chicken And Noodle Soup,600 mL,"$7.79
 ea.",,$1.30 /100ml,,,https://product-images.metro.ca/images/h66/hea/10008191565854.jpg,https://www.metro.ca/en/online-grocery/search-page-265
LIFE SMART,"Pineapple Chunks In Water, Naturalia",540 mL,"$2.29
 ea.",,$0.42 /100ml,"Regular price
$2.79  ea.","Valid until Feb 7, 2024",,https://www.metro.ca/en/online-grocery/search-page-265
LIFE SMART,"Unsweetened Vanilla Flavoured Almond Beverage, Natur...",946 mL,"5 / 
$10.00",,or $2.69 ea. $0.21 /100ml,"Regular price
$2.89  ea.","Valid until Feb 7, 2024",,https://www.metro.ca/en/online-grocery/search-page-265
NAFSIKA'S GARDEN,Sliced Vegan Swiss Cheese,200 g,"$4.99
 ea.",,$2.50 /100g,,,https://product-images.metro.ca/images/ha8/h9f/11257230688286.jpg,https://www.metro.ca/en/online-grocery/search-page-265
FLAMINGO,Frozen Bacon And Cheese Chicken Burgers,600 g,"$13.99
 ea.",,$2.33 /100g,"Regular price
$14.99  ea.","Valid until Jan 10, 2024",https://product-images.metro.ca/images/h30/hfb/10020957650974.jpg,https://www.metro.ca/en/online-grocery/search-page-265
SAN DANIELE,Sliced Prosciutto Ham,100 g,"$6.49
 ea.",,$6.49 /100g,"Regular price
$6.99  ea.","Valid until Jan 17, 2024",https://product-images.metro.ca/images/h73/h35/11849515892766.jpg,https://www.metro.ca/en/online-grocery/search-page-265
ST-HUBERT,Piri-Piri Seasoning,205 g,"$6.49
 ea.",,$3.17 /100g,,,https://product-images.metro.ca/images/ha1/h81/10020846272542.jpg,https://www.metro.ca/en/online-grocery/search-page-265
ST-HUBERT,Bbq Seasoning,190 g,"$6.49
 ea.",,$3.42 /100g,,,https://product-images.metro.ca/images/hf7/h23/10021072011294.jpg,https://www.metro.ca/en/online-grocery/search-page-265
DORA,Chocolate Hazelnut Spread,725 g,"$7.49
 ea.",,$1.03 /100g,,,https://product-images.metro.ca/images/ha6/h37/10020833525790.jpg,https://www.metro.ca/en/online-grocery/search-page-265
ST-HUBERT,Steak Seasoning,165 g,"$6.49
 ea.",,$3.93 /100g,,,https://product-images.metro.ca/images/h2b/h42/10020790894622.jpg,https://www.metro.ca/en/online-grocery/search-page-265
DARE,Gluten Free Summerfruit Burst Sours Flavoured Gummie...,180 g,"$3.49
 ea.",,$1.94 /100g,,,,https://www.metro.ca/en/online-grocery/search-page-265
FLAMINGO,Frozen Chicken Medallions With Bacon,730 g,"$13.99
 ea.",,$1.92 /100g,"Regular price
$14.99  ea.","Valid until Jan 10, 2024",https://product-images.metro.ca/images/hd8/h08/10020841914398.jpg,https://www.metro.ca/en/online-grocery/search-page-265
LIFE SMART,"Pineapple Slices In Water, Naturalia",540 mL,"$2.29
 ea.",,$0.42 /100ml,"Regular price
$2.79  ea.","Valid until Feb 7, 2024",,https://www.metro.ca/en/online-grocery/search-page-265
ST-HUBERT,BBQ Sauce,300 mL,"$3.49
 ea.",,$1.16 /100ml,"Regular price
$3.99  ea.","Valid until Jan 10, 2024",https://product-images.metro.ca/images/h85/hfa/11333074026526.jpg,https://www.metro.ca/en/online-grocery/search-page-265
SELECTION,Large Flake Oatmeal,900 g,"$2.99
 ea.",,$0.33 /100g,"Regular price
$4.49  ea.","Valid until Feb 7, 2024",https://product-images.metro.ca/images/hac/h68/11521658617886.jpg,https://www.metro.ca/en/online-grocery/search-page-265
RIO MARE,Skinless And Boneless Salmon Filets In Brine,125 g,"$8.49
 ea.",,$6.79 /100g,"Regular price
$10.29  ea.","Valid until Jan 10, 2024",https://product-images.metro.ca/images/hc7/h98/10250413670430.jpg,https://www.metro.ca/en/online-grocery/search-page-265
METROGO!,"Nordic Shrimp And Pollock Duo, Value Pack",,"$13.88
 avg. ea.",(450 g avg.),$30.84 /kg$13.99 /lb.,,,,https://www.metro.ca/en/online-grocery/search-page-265
PILLSBURY,S'Mores Chocolate Bars,139 g,"2 / 
$6.00",,or $3.99 ea. $2.16 /100g,,"Valid until Feb 7, 2024",https://product-images.metro.ca/images/heb/h24/10823111475230.jpg,https://www.metro.ca/en/online-grocery/search-page-265
NATURE VALLEY,"Caramel And Chocolate Flavoured Granola Bars, Lunch Box",130 g,"2 / 
$6.00",,or $3.99 ea. $2.31 /100g,,"Valid until Feb 7, 2024",,https://www.metro.ca/en/online-grocery/search-page-265
DIC ANN'S,Spicy Original Sauce,550 mL,"$6.99
 ea.",,$1.27 /100ml,"Regular price
$7.99  ea.","Valid until Jan 10, 2024",https://product-images.metro.ca/images/h43/h1c/10300207890462.jpg,https://www.metro.ca/en/online-grocery/search-page-265
LE GREC,Frozen All Dressed Pizza,500 g,"$8.99
 ea.",,$1.70 /100g,"Regular price
$9.99  ea.","Valid until Feb 14, 2024",https://product-images.metro.ca/images/hef/h97/10268376694814.jpg,https://www.metro.ca/en/online-grocery/search-page-266
LE GREC,Frozen Pepperoni Pizza,500 g,"$8.99
 ea.",,$1.80 /100g,"Regular price
$9.99  ea.","Valid until Feb 14, 2024",https://product-images.metro.ca/images/h93/h56/10268377710622.jpg,https://www.metro.ca/en/online-grocery/search-page-266
LE GREC,Frozen Special Greek Pizza,528 g,"$8.99
 ea.",,$1.70 /100g,"Regular price
$9.99  ea.","Valid until Feb 14, 2024",https://product-images.metro.ca/images/h92/h17/10268377481246.jpg,https://www.metro.ca/en/online-grocery/search-page-266
KRAFT,Reduced Sugar Hazelnut And Cocoa Spread,725 g,"$7.99
 ea.",,$1.10 /100g,"Regular price
$8.99  ea.","Valid until Feb 7, 2024",https://product-images.metro.ca/images/hb1/hcf/10052604231710.jpg,https://www.metro.ca/en/online-grocery/search-page-266
KRAFT,Crunchy Hazelnut And Cocoa Spread,725 g,"$7.99
 ea.",,$1.10 /100g,"Regular price
$8.99  ea.","Valid until Feb 7, 2024",https://product-images.metro.ca/images/h14/h1f/10052604428318.jpg,https://www.metro.ca/en/online-grocery/search-page-266
IRRESISTIBLES,Frozen Blueberries,600 g,"3 / 
$12.99",,or $5.99 ea. $0.72 /100g,,"Valid until Feb 14, 2024",https://product-images.metro.ca/images/hca/h34/11521655177246.jpg,https://www.metro.ca/en/online-grocery/search-page-266
MICHELOB ULTRA,Light Lager Beer,30x355 mL,"$42.99
 ea.",,$0.40 /100ml,"Regular price
$46.49  ea.","Valid until Jan 10, 2024",https://product-images.metro.ca/images/h17/h49/10379051630622.jpg,https://www.metro.ca/en/online-grocery/search-page-266
HUGGIES,"Nighttime Underwear For Girls, Size L, GoodNites",34 un,"$36.99
 ea.",,$1.09 /un.,"Regular price
$39.99  ea.","Valid until Feb 7, 2024",,https://www.metro.ca/en/online-grocery/search-page-266
RANG 9,"Lactose-Free Semi-Soft Surface Ripened Cheese, Le Ma...",150 g,"$8.00
 ea.",,$5.33 /100g,"Regular price
$8.99  ea.","Valid until Jan 10, 2024",,https://www.metro.ca/en/online-grocery/search-page-266
FANCY FEAST,"Braised Chicken Wet Cat Food Pâté, Petites",79.4 g,"$1.39
 ea.",,$1.75 /100g,"Regular price
$1.59  ea.","Valid until Jan 24, 2024",,https://www.metro.ca/en/online-grocery/search-page-266
FANCY FEAST,"Wild Salmon Wet Cat Food Pâté, Petites",79.4 g,"$1.39
 ea.",,$1.75 /100g,"Regular price
$1.59  ea.","Valid until Jan 24, 2024",,https://www.metro.ca/en/online-grocery/search-page-266
FANCY FEAST,"Whitefish And Tuna Wet Cat Food Pâté, Petites",79.4 g,"$1.39
 ea.",,$1.75 /100g,"Regular price
$1.59  ea.","Valid until Jan 24, 2024",,https://www.metro.ca/en/online-grocery/search-page-266
KELLOGG'S,"Blueberry Flavoured Cereal, Mini Wheats",439 g,"$4.49
 ea.",,$1.02 /100g,"Regular price
$7.49  ea.","Valid until Jan 10, 2024",,https://www.metro.ca/en/online-grocery/search-page-266
CRISPERS,"Original Snack Mix, Bits-Bites",145 g,"2 / 
$6.00",,$2.07 /100g,"Regular price
$3.69  ea.","Valid until Jan 24, 2024",,https://www.metro.ca/en/online-grocery/search-page-266
CRISPERS,"Bbq Flavoured Snack Mix, Bits-Bites",145 g,"2 / 
$6.00",,$2.07 /100g,"Regular price
$3.69  ea.","Valid until Jan 24, 2024",,https://www.metro.ca/en/online-grocery/search-page-266
MAXWELL HOUSE,Light Roast Morning Blend K-Cup® Coffee Pods,30 un,"$20.99
 ea.",,$0.70 /un.,,,https://product-images.metro.ca/images/h64/h4a/10212250026014.jpg,https://www.metro.ca/en/online-grocery/search-page-266
AMIR,The Authentic Garlic Sauce,350 mL,"$7.99
 ea.",,$2.28 /100ml,,,https://product-images.metro.ca/images/h59/h25/10421747417118.jpg,https://www.metro.ca/en/online-grocery/search-page-266
MAXWELL HOUSE,Medium Roast 100% Colombian K-Cup® Coffee Pods,30 un,"$20.99
 ea.",,$0.70 /un.,,,https://product-images.metro.ca/images/h52/h3e/10212245635102.jpg,https://www.metro.ca/en/online-grocery/search-page-266
SELECTION,Dried Apricots,300 g,"$5.29
 ea.",,$1.76 /100g,"Regular price
$6.29  ea.","Valid until Feb 7, 2024",https://product-images.metro.ca/images/h3b/hc9/10823197523998.jpg,https://www.metro.ca/en/online-grocery/search-page-266
CORONA EXTRA,"Light Mexican Lager Beer, Light",6x330 mL - bottles,"3 / 
$35.97",,or $14.49 ea. $0.61 /100ml,"Regular price
$15.49  ea.","Valid until Feb 7, 2024",,https://www.metro.ca/en/online-grocery/search-page-266
CORONA EXTRA,"Light Mexican Lager Beer, Light",12x330 mL - bottles,"$23.99
 ea.",,$0.61 /100ml,"Regular price
$25.99  ea.","Valid until Jan 10, 2024",,https://www.metro.ca/en/online-grocery/search-page-266
IRRESISTIBLES,Shrimp And Onion Nests,10 un,"$9.99
 ea.",,$1.00 /un.,,,https://product-images.metro.ca/images/h8f/h69/11521664647198.jpg,https://www.metro.ca/en/online-grocery/search-page-266
IRRESISTIBLES,Shrimp Burritos,240 g,"$8.99
 ea.",,$3.75 /100g,,,https://product-images.metro.ca/images/hcf/h00/11497567682590.jpg,https://www.metro.ca/en/online-grocery/search-page-266
SELECTION,Old Cheddar Cheese Slices,210 g,"$6.29
 ea.",,$3.00 /100g,,,https://product-images.metro.ca/images/hf3/hbb/10367629885470.jpg,https://www.metro.ca/en/online-grocery/search-page-266
SELECTION,Mozzarella Cheese Slices,230 g,"$6.29
 ea.",,$2.73 /100g,,,https://product-images.metro.ca/images/hd3/h7e/10367630082078.jpg,https://www.metro.ca/en/online-grocery/search-page-266
ST-HUBERT,Hot Chicken Sandwich Homestyle Gravy,450 mL,"$3.49
 ea.",,$0.78 /100ml,"Regular price
$3.99  ea.","Valid until Jan 10, 2024",https://product-images.metro.ca/images/hc8/h87/11333072814110.jpg,https://www.metro.ca/en/online-grocery/search-page-266
MCCORMICKS,"Organic Garlic Powder, Gourmet",53 g,"$6.99
 ea.",,$13.19 /100g,"Regular price
$7.79  ea.","Valid until Feb 7, 2024",,https://www.metro.ca/en/online-grocery/search-page-266
LIBERTÉ,"9% Black Cherry Flavoured Yogurt, Méditerranée",4x100 g,"$4.99
 ea.",,$1.25 /100g,,,,https://www.metro.ca/en/online-grocery/search-page-266
LIBERTÉ,"9% Wild Blueberry Flavoured Yogurt, Méditerranée",4x100 g,"$4.99
 ea.",,$1.25 /100g,,,,https://www.metro.ca/en/online-grocery/search-page-266
LIBERTÉ,"9% Orchard Peach Flavoured Yogurt, Méditerranée",4x100 g,"$4.99
 ea.",,$1.25 /100g,,,,https://www.metro.ca/en/online-grocery/search-page-266
YOPLAIT,"0% Peach Flavoured Yogurt Without Added Sugar, Source",630 g,"$3.33
 ea.",,$0.53 /100g,"Regular price
$4.79  ea.","Valid until Feb 14, 2024",,https://www.metro.ca/en/online-grocery/search-page-267
YOPLAIT,Field Berries Flavoured 0% Yogurt Without Added Suga...,630 g,"$3.33
 ea.",,$0.53 /100g,"Regular price
$4.79  ea.","Valid until Feb 14, 2024",,https://www.metro.ca/en/online-grocery/search-page-267
YOPLAIT,"0% Cherry Flavoured Yogurt Without Added Sugar, Source",630 g,"$3.33
 ea.",,$0.53 /100g,"Regular price
$4.79  ea.","Valid until Feb 14, 2024",,https://www.metro.ca/en/online-grocery/search-page-267
YOPLAIT,"0% Vanilla Flavoured Yogurt Without Added Sugar, Source",630 g,"$3.33
 ea.",,$0.53 /100g,"Regular price
$4.79  ea.","Valid until Feb 14, 2024",,https://www.metro.ca/en/online-grocery/search-page-267
VILEDA,ProMist Max Refill,1 un,"$15.29
 ea.",,$15.29 /un.,,,https://product-images.metro.ca/images/hc6/hf9/11511752261662.jpg,https://www.metro.ca/en/online-grocery/search-page-267
LIFE SMART,"Unsweetened Pear And Apple Sauce Snacks, Organic",6x113 g,"$3.69
 ea.",,$0.54 /100g,"Regular price
$4.49  ea.","Valid until Feb 7, 2024",,https://www.metro.ca/en/online-grocery/search-page-267
LIFE SMART,"Almond Peanut Granola Chewy Bars, Naturalia",150 g,"$3.49
 ea.",,$2.33 /100g,,,,https://www.metro.ca/en/online-grocery/search-page-267
NESTLÉ,"S'Mores Flavoured Aero® Hot Chocolate Mix, Carnation",7x25 g,"$4.49
 ea.",,$2.57 /100g,"Regular price
$4.99  ea.","Valid until Feb 7, 2024",,https://www.metro.ca/en/online-grocery/search-page-267
MADEGOOD,"Birthday Cake Flavoured Granola Bars, Chocolate Driz...",5x24 g,"$3.99
 ea.",,$3.32 /100g,"Regular price
$4.99  ea.","Valid until Feb 7, 2024",,https://www.metro.ca/en/online-grocery/search-page-267
MUNCHIES,Classic Snack Mix,415 g,"$5.99
 ea.",,$1.44 /100g,,,https://product-images.metro.ca/images/h3b/h87/11746690531358.jpg,https://www.metro.ca/en/online-grocery/search-page-267
SOBER CARPENTER,Non-Alcoholic Blonde Beer,473 mL - can,"2 / 
$5.50",,$2.75 /un.,"Regular price
$3.49  ea.","Valid until Feb 7, 2024",https://product-images.metro.ca/images/h71/h7c/9883404632094.jpg,https://www.metro.ca/en/online-grocery/search-page-267
SELECTION,Sweet Strawberry Apple Sauce,620 mL,"$1.99
 ea.",,$0.32 /100ml,"Regular price
$2.69  ea.","Valid until Jan 10, 2024",https://product-images.metro.ca/images/heb/h08/9985583874078.jpg,https://www.metro.ca/en/online-grocery/search-page-267
LIFE SMART,Unsweetened Pear And Apple Compote,620 mL,"$1.99
 ea.",,$0.32 /100ml,"Regular price
$2.69  ea.","Valid until Jan 10, 2024",https://product-images.metro.ca/images/h46/h97/9985545863198.jpg,https://www.metro.ca/en/online-grocery/search-page-267
LIFE SMART,"Unsweetened Mango, Peach, And Apple Sauce",620 mL,"$1.99
 ea.",,$0.32 /100ml,"Regular price
$2.69  ea.","Valid until Jan 10, 2024",https://product-images.metro.ca/images/hd4/h86/9985546289182.jpg,https://www.metro.ca/en/online-grocery/search-page-267
DORA,Hazelnut Chocolate Spread,375 g,"$3.99
 ea.",,$1.06 /100g,"Regular price
$4.99  ea.","Valid until Feb 7, 2024",https://product-images.metro.ca/images/hba/h7b/9946335051806.jpg,https://www.metro.ca/en/online-grocery/search-page-267
DARE,"Cheddar Flavoured Crackers Bite, Breton",150 g,"$1.99
 ea.",,$1.33 /100g,"Regular price
$4.29  ea.","Valid until Jan 10, 2024",,https://www.metro.ca/en/online-grocery/search-page-267
LAY'S,"Cream And Onion Flavoured Chips, Wavy",165 g,"$4.19
 ea.",,$2.54 /100g,,,,https://www.metro.ca/en/online-grocery/search-page-267
LAY'S,"Masala Spice Flavoured Chips, Wavy",165 g,"$4.19
 ea.",,$2.54 /100g,,,,https://www.metro.ca/en/online-grocery/search-page-267
CRISPERS,Cheddar Flavoured Crackers,145 g,"2 / 
$6.00",,$2.07 /100g,"Regular price
$3.69  ea.","Valid until Jan 24, 2024",https://product-images.metro.ca/images/hb1/h04/9946161610782.jpg,https://www.metro.ca/en/online-grocery/search-page-267
REYNOLDS,Composable Parchment Paper,1 un,"$3.49
 ea.",,$3.49 /un.,"Regular price
$4.69  ea.","Valid until Feb 7, 2024",https://product-images.metro.ca/images/h70/h56/10190847082526.jpg,https://www.metro.ca/en/online-grocery/search-page-267
RED BULL,"Energy Drink, Value Pack",12x250 mL,"2 / 
$43.98",,or $24.99 ea. $0.73 /100ml,,"Valid until Jan 24, 2024",https://product-images.metro.ca/images/ha7/ha0/10303279955998.jpg,https://www.metro.ca/en/online-grocery/search-page-267
BLUEWATER SEAFOODS,Frozen Uncooked Garlic And Herb Shrimp,210 g,"$8.99
 ea.",,$4.28 /100g,"Regular price
$12.99  ea.","Valid until Jan 10, 2024",https://product-images.metro.ca/images/hbf/h0e/12048197353502.jpg,https://www.metro.ca/en/online-grocery/search-page-267
CARBONAUT,Low Carb Sliced White Bread,544 g,"$9.29
 ea.",,$1.71 /100g,,,https://product-images.metro.ca/images/hee/hc0/12191884378142.jpg,https://www.metro.ca/en/online-grocery/search-page-267
BOBINES,Frozen Rainbow Trout Fillet,1 per tray,"$10.49
 avg. ea.",(280 g avg.),$37.46 /kg$16.99 /lb.,,,https://product-images.metro.ca/images/h0a/h6c/12066611626014.jpg,https://www.metro.ca/en/online-grocery/search-page-267
RESTO TO GO,"Pork Dumpling Frozen Meal, Thaï Express",400 g,"$7.79
 ea.",,$1.95 /100g,"Regular price
$8.79  ea.","Valid until Feb 14, 2024",,https://www.metro.ca/en/online-grocery/search-page-267
RESTO TO GO,"Teriyaki Beef Frozen Meal, Thaï Zone",390 g,"$7.79
 ea.",,$2.00 /100g,"Regular price
$8.79  ea.","Valid until Feb 14, 2024",,https://www.metro.ca/en/online-grocery/search-page-267
RESTO TO GO,"Frozen Chicken General Tao, Thaï Zone",400 g,"$7.79
 ea.",,$1.95 /100g,"Regular price
$8.79  ea.","Valid until Feb 14, 2024",,https://www.metro.ca/en/online-grocery/search-page-267
RESTO TO GO,"Frozen Cheese Tortellini, Mikes",445 g,"$7.79
 ea.",,$1.75 /100g,"Regular price
$8.79  ea.","Valid until Feb 14, 2024",,https://www.metro.ca/en/online-grocery/search-page-267
STARBUCKS,White Chocolate Mocha Coffee Whitener,828 mL,"$9.29
 ea.",,$1.12 /100ml,,,https://product-images.metro.ca/images/hd5/h9e/12266570842142.jpg,https://www.metro.ca/en/online-grocery/search-page-267
LIFE SMART,"Organic Whole White Mushrooms, Organic",227 g,"2 / 
$3.00",,$0.66 /100g,"Regular price
$2.99  ea.","Valid until Jan 10, 2024",,https://www.metro.ca/en/online-grocery/search-page-267
MERIT,100% Butter Croissants,10x57 g,"$5.99
 ea.",,$1.05 /100g,"Regular price
$6.99  ea.","Valid until Jan 10, 2024",https://product-images.metro.ca/images/h9f/h61/9926280806430.jpg,https://www.metro.ca/en/online-grocery/search-page-268
ST-HUBERT,Poutine Sauce,450 mL,"$3.49
 ea.",,$0.78 /100ml,"Regular price
$3.99  ea.","Valid until Jan 10, 2024",https://product-images.metro.ca/images/h2b/h50/11333075009566.jpg,https://www.metro.ca/en/online-grocery/search-page-268
CARBONAUT,Low Carbs Seeded Bread,544 g,"$9.29
 ea.",,$1.71 /100g,,,https://product-images.metro.ca/images/hf9/h0e/11449638191134.jpg,https://www.metro.ca/en/online-grocery/search-page-268
PAM,Avocado Oil Cooking Spray,141 g,"$6.99
 ea.",,$4.96 /100g,"Regular price
$7.49  ea.","Valid until Feb 7, 2024",https://product-images.metro.ca/images/hce/h09/9894904496158.jpg,https://www.metro.ca/en/online-grocery/search-page-268
CAFÉ WILLIAM,Espresso Casa Coffee Bean,800 g,"$20.99
 ea.",,$2.62 /100g,,,https://product-images.metro.ca/images/ha4/hf8/11244069421086.jpg,https://www.metro.ca/en/online-grocery/search-page-268
CAFÉ WILLIAM,Blend Buongiorno Ground Coffee,700 g,"$20.49
 ea.",,$2.93 /100g,,,https://product-images.metro.ca/images/h3c/h6f/11244069486622.jpg,https://www.metro.ca/en/online-grocery/search-page-268
NESCAFÉ,Sweet And Creamy Original Instant Coffee,18 un,"$8.49
 ea.",,$0.47 /un.,,,https://product-images.metro.ca/images/h92/hc6/10118811942942.jpg,https://www.metro.ca/en/online-grocery/search-page-268
METROGO!,"General Tao Marinated Salmon Fillet, Value Pack",,"$19.83
 avg. ea.",(500 g avg.),$39.66 /kg$17.99 /lb.,,,,https://www.metro.ca/en/online-grocery/search-page-268
SELECTION,Hot BBQ Flavoured Ripples Chips,200 g,"2 / 
$4.00",,$1.00 /100g,"Regular price
$2.79  ea.","Valid until Jan 24, 2024",https://product-images.metro.ca/images/ha3/he4/10200613781534.jpg,https://www.metro.ca/en/online-grocery/search-page-268
MOLSON,"Light Lager Beer, Ultra",30x355 mL -cans,"$42.99
 ea.",,$0.40 /100ml,"Regular price
$44.49  ea.","Valid until Jan 10, 2024",,https://www.metro.ca/en/online-grocery/search-page-268
FREDDO,White Chocolate Chips,600 g,"$11.99
 ea.",,$2.00 /100g,,,https://product-images.metro.ca/images/h91/h89/10250402529310.jpg,https://www.metro.ca/en/online-grocery/search-page-268
WONDERFUL,No Shells Bbq Flavoured Pistachios,155 g,"$8.99
 ea.",,$5.80 /100g,"Regular price
$9.99  ea.","Valid until Jan 10, 2024",https://product-images.metro.ca/images/h31/ha9/10040231723038.jpg,https://www.metro.ca/en/online-grocery/search-page-268
PURINA ONE,"Turkey And Venison Adult Wet Dog Food, True Instinct",368 g,"2 / 
$5.50",,$0.75 /100g,"Regular price
$2.99  ea.","Valid until Jan 10, 2024",,https://www.metro.ca/en/online-grocery/search-page-268
PURINA ONE,"Dry Puppy Food, SmartBlend",1.81 kg,"$11.99
 ea.",,$0.66 /100kg,"Regular price
$12.99  ea.","Valid until Jan 10, 2024",,https://www.metro.ca/en/online-grocery/search-page-268
SELECTION,Sweetener With Sucralose,275 g,"$7.99
 ea.",,$2.91 /100g,"Regular price
$8.99  ea.","Valid until Feb 7, 2024",https://product-images.metro.ca/images/h86/hdf/11570998804510.jpg,https://www.metro.ca/en/online-grocery/search-page-268
BABYBEL,Mini Roll Cheese,102 g,"$3.79
 ea.",,$3.72 /100g,"Regular price
$5.29  ea.","Valid until Jan 10, 2024",https://product-images.metro.ca/images/h60/h39/10727401652254.jpg,https://www.metro.ca/en/online-grocery/search-page-268
LAMBERT,Gluten Free Bourbon Vanilla Flavoured Ice Cream,500 mL,"$2.99
 ea.",,$0.60 /100ml,"Regular price
$3.49  ea.","Valid until Feb 14, 2024",https://product-images.metro.ca/images/hbe/hec/10708830912542.jpg,https://www.metro.ca/en/online-grocery/search-page-268
AHA,Orange And Grapefruit Flavoured Sparkling Water,12x355 mL,"$6.99
 ea.",,$1.97 /100ml,"Regular price
$7.99  ea.","Valid until Feb 7, 2024",https://product-images.metro.ca/images/h5b/h12/10496029589534.jpg,https://www.metro.ca/en/online-grocery/search-page-268
LINDT,No Sugar Added Milk Chocolate Bar,100 g,"$5.49
 ea.",,$5.49 /100g,"Regular price
$7.49  ea.","Valid until Jan 10, 2024",https://product-images.metro.ca/images/h85/h9b/9946165968926.jpg,https://www.metro.ca/en/online-grocery/search-page-268
LINDT,"70% Cacao Orange And Almond Dark Chocolate Bar, Exce...",100 g,"$5.49
 ea.",,$5.49 /100g,"Regular price
$7.49  ea.","Valid until Jan 10, 2024",,https://www.metro.ca/en/online-grocery/search-page-268
LINDT,"70% Cacao Caramel And Sea Salt Dark Chocolate Bar, E...",100 g,"$5.49
 ea.",,$5.49 /100g,"Regular price
$7.49  ea.","Valid until Jan 10, 2024",,https://www.metro.ca/en/online-grocery/search-page-268
TIM HORTONS,Spicy Thai Chicken Ready To Serve Soup,540 mL,"4 / 
$10.00",,or $3.49 ea. $0.46 /100ml,"Regular price
$4.79  ea.","Valid until Jan 24, 2024",https://product-images.metro.ca/images/hdd/h71/9894933135390.jpg,https://www.metro.ca/en/online-grocery/search-page-268
ONE SMART BLEND,"Beef And Salmon Wet Dog Food, True Instinct",368 g,"2 / 
$5.50",,$0.75 /100g,"Regular price
$2.99  ea.","Valid until Jan 10, 2024",,https://www.metro.ca/en/online-grocery/search-page-268
PURINA ONE,"Chicken And Brown Rice Wet Dog Food, SmartBlend",368 g,"2 / 
$5.50",,$0.75 /100g,"Regular price
$2.99  ea.","Valid until Jan 10, 2024",,https://www.metro.ca/en/online-grocery/search-page-268
BÂTON ROUGE,Frozen Onion Soups,580 g,"$12.99
 ea.",,$2.24 /100g,,,https://product-images.metro.ca/images/h9e/h70/10072223776798.jpg,https://www.metro.ca/en/online-grocery/search-page-268
METROGO!,"Shrimp, Cheese And Vegetable-Stuffed Atlantic Salmon...",Around 2 per tray,"$17.85
 avg. ea.",(450 g avg.),$39.66 /kg$17.99 /lb.,,,,https://www.metro.ca/en/online-grocery/search-page-268
VALENTINE,Frozen Corn Dogs,680 g,"$8.99
 ea.",,$1.32 /100g,,"Valid until Jan 10, 2024",https://product-images.metro.ca/images/h25/h2d/10062270005278.jpg,https://www.metro.ca/en/online-grocery/search-page-268
METROGO!,"Atlantic Salmon Tournedos With Panko Shrimp, Value Pack",Around 2 per tray,"$17.85
 avg. ea.",(450 g avg.),$39.66 /kg$17.99 /lb.,,,,https://www.metro.ca/en/online-grocery/search-page-268
LAMBERT,Vanilla Frozen Yogurt,500 mL,"$2.99
 ea.",,$0.60 /100ml,"Regular price
$3.49  ea.","Valid until Feb 14, 2024",https://product-images.metro.ca/images/hc8/hf1/10708832780318.jpg,https://www.metro.ca/en/online-grocery/search-page-268
NATURE'S RECIPE,Rice And Lamb Flavoured Grain Food For Adult Dogs,1.8 kg,"$11.99
 ea.",,$0.67 /100kg,"Regular price
$14.99  ea.","Valid until Jan 10, 2024",https://product-images.metro.ca/images/h7b/hf0/11401388883998.jpg,https://www.metro.ca/en/online-grocery/search-page-268
NATURE'S RECIPE,Rice And Chicken Flavoured Grain Food For Adult Dogs,1.8 kg,"$11.99
 ea.",,$0.67 /100kg,"Regular price
$13.99  ea.","Valid until Jan 10, 2024",https://product-images.metro.ca/images/h4d/h89/11374962442270.jpg,https://www.metro.ca/en/online-grocery/search-page-269
FANCY FEAST,"White Fish With Tomatoes In Gravy Wet Cat Food, Petites",79.4 g,"$1.59
 ea.",,$2.00 /100g,,,,https://www.metro.ca/en/online-grocery/search-page-269
FANCY FEAST,"Salmon With Spinach In Gravy Wet Cat Food, Petites",79.4 g,"$1.59
 ea.",,$2.00 /100g,,,,https://www.metro.ca/en/online-grocery/search-page-269
FANCY FEAST,"Chicken And Rice In Gravy Wet Cat Food, Petites",79.4 g,"$1.59
 ea.",,$2.00 /100g,,,,https://www.metro.ca/en/online-grocery/search-page-269
FANCY FEAST,"Chicken And Vegetables Wet Cat Food, Classic Broths",40 g,"4 / 
$5.00",,$3.13 /100g,"Regular price
$1.49  ea.","Valid until Jan 24, 2024",,https://www.metro.ca/en/online-grocery/search-page-269
ATTITUDE,Lavender Scented Laundry Detergent,2 L,"$9.99
 ea.",,$0.50 /100ml,"Regular price
$11.49  ea.","Valid until Feb 7, 2024",https://product-images.metro.ca/images/h30/h81/10269130457118.jpg,https://www.metro.ca/en/online-grocery/search-page-269
ATTITUDE,"Wildflowers Scented Laundry Detergent, Nature+ Techn...",2 L,"$11.99
 ea.",,$0.60 /100ml,"Regular price
$14.29  ea.","Valid until Feb 7, 2024",,https://www.metro.ca/en/online-grocery/search-page-269
POM,"Hot-Dog Buns, Signature",6 un,"3 / 
$10.97",,or $4.99 ea. $0.61 /un.,"Regular price
$5.19  ea.","Valid until Jan 10, 2024",,https://www.metro.ca/en/online-grocery/search-page-269
TRE STELLE,Lactose Free Traditional Feta,200 g,"$6.99
 ea.",,$3.50 /100g,"Regular price
$7.79  ea.","Valid until Jan 17, 2024",https://product-images.metro.ca/images/h46/h61/10250406363166.jpg,https://www.metro.ca/en/online-grocery/search-page-269
MUM-MUM,Banana Flavoured Teething Baby Cookie,58 g,"$2.99
 ea.",,$5.16 /100g,"Regular price
$4.29  ea.","Valid until Feb 7, 2024",https://product-images.metro.ca/images/hbd/h7c/10957642694686.jpg,https://www.metro.ca/en/online-grocery/search-page-269
O SOLE MIO,Frozen Cheese Tortellini Pasta,275 g,"$4.49
 ea.",,$1.63 /100g,,,https://product-images.metro.ca/images/h7f/h43/10686369693726.jpg,https://www.metro.ca/en/online-grocery/search-page-269
RUFFLES,KFC Flavoured Chips,180 g,"2 / 
$8.50",,or $4.99 ea. $2.36 /100g,,"Valid until Jan 24, 2024",https://product-images.metro.ca/images/h5f/h64/11609754861598.jpg,https://www.metro.ca/en/online-grocery/search-page-269
MUM-MUM,Blueberry Flavoured Teething Baby Cookie,58 g,"$2.99
 ea.",,$5.16 /100g,"Regular price
$4.29  ea.","Valid until Feb 7, 2024",https://product-images.metro.ca/images/ha9/h01/10957658161182.jpg,https://www.metro.ca/en/online-grocery/search-page-269
CHEETOS,Pizza Flavoured Snack,170 g,"2 / 
$8.50",,or $4.99 ea. $2.50 /100g,,"Valid until Jan 24, 2024",https://product-images.metro.ca/images/haa/h41/12245676621854.jpg,https://www.metro.ca/en/online-grocery/search-page-269
YOPLAIT,"Orange Cream Pop Flavoured 1% Drinkable Yogurt, Yop",200 mL,"3 / 
$3.33",,$0.56 /100ml,"Regular price
4 / $5.00","Valid until Feb 14, 2024",,https://www.metro.ca/en/online-grocery/search-page-269
YOPLAIT,"Vanilla Flavoured 1% Drinkable Yogurt, Yop",200 mL,"3 / 
$3.33",,$0.56 /100ml,"Regular price
4 / $5.00","Valid until Feb 14, 2024",,https://www.metro.ca/en/online-grocery/search-page-269
YOPLAIT,"Raspberry Flavoured 1% Drinkable Yogurt, Yop",200 mL,"3 / 
$3.33",,$0.56 /100ml,"Regular price
4 / $5.00","Valid until Feb 14, 2024",,https://www.metro.ca/en/online-grocery/search-page-269
BRASSEUR DE MONTRÉAL,"Hazy IPA Beer, NormanVille",12x355 mL,"$23.99
 ea.",,$6.76 /100ml,,,,https://www.metro.ca/en/online-grocery/search-page-269
SELECTION,"Liquid Dish Soap, Oxy Ultra",591 mL,"$1.99
 ea.",,$0.34 /100ml,"Regular price
$2.99  ea.","Valid until Feb 7, 2024",,https://www.metro.ca/en/online-grocery/search-page-269
IRRESISTIBLES,Cold-Smoked Atlantic Salmon Slices,70 g,"$7.99
 ea.",,$11.41 /100g,,"Valid until Jan 10, 2024",https://product-images.metro.ca/images/heb/h88/12175273492510.jpg,https://www.metro.ca/en/online-grocery/search-page-269
RITZ,Cheddar Cheese Mini Crackers,180 g,"$3.49
 ea.",,$1.94 /100g,"Regular price
$4.19  ea.","Valid until Jan 31, 2024",https://product-images.metro.ca/images/hf1/h16/11281644814366.jpg,https://www.metro.ca/en/online-grocery/search-page-269
SELECTION,Lemon Flavoured Sparkling Water,12x355 mL,"$5.99
 ea.",,$1.69 /100ml,,,https://product-images.metro.ca/images/h1f/hf6/11521868759070.jpg,https://www.metro.ca/en/online-grocery/search-page-269
BÙ,Organic Italian White Wine,750 mL,"$17.29
 ea.",,$2.31 /100ml,,,https://product-images.metro.ca/images/hdb/he6/11157775482910.jpg,https://www.metro.ca/en/online-grocery/search-page-269
NESTLÉ,"Cookies & Cream Flavoured Hot Chocolate, Carnation",7x25 g,"$4.49
 ea.",,$2.57 /100g,"Regular price
$4.99  ea.","Valid until Feb 7, 2024",,https://www.metro.ca/en/online-grocery/search-page-269
OATBOX,Organic Almond Butter And Blueberry Flavoured Granola,300 g,"$6.49
 ea.",,$2.16 /100g,,,https://product-images.metro.ca/images/hcb/hd6/10845464100894.jpg,https://www.metro.ca/en/online-grocery/search-page-269
ARCTIC GARDENS,Frozen Market Harvest Vegetables,425 g,"$5.49
 ea.",,$1.29 /100g,,,https://product-images.metro.ca/images/hf0/hbc/11022507114526.jpg,https://www.metro.ca/en/online-grocery/search-page-269
ARCTIC GARDENS,Frozen Mix Of Oriental Vegetables,675 g,"$5.49
 ea.",,$0.81 /100g,,,https://product-images.metro.ca/images/h63/h8d/11022311751710.jpg,https://www.metro.ca/en/online-grocery/search-page-269
ARCTIC GARDENS,Frozen Vegetables For Soup,675 g,"$5.49
 ea.",,$0.81 /100g,,,https://product-images.metro.ca/images/hf4/hc3/11022351859742.jpg,https://www.metro.ca/en/online-grocery/search-page-269
ARCTIC GARDENS,Frozen Vegetables For Stir-Fry,675 g,"$5.49
 ea.",,$0.81 /100g,,,https://product-images.metro.ca/images/h08/h4b/11022374797342.jpg,https://www.metro.ca/en/online-grocery/search-page-269
ARCTIC GARDENS,Frozen Vegetables For Spaghetti,675 g,"$5.49
 ea.",,$0.81 /100g,,,https://product-images.metro.ca/images/hcd/h84/11022236254238.jpg,https://www.metro.ca/en/online-grocery/search-page-269
ARCTIC GARDENS,Frozen Vegetable For Spaghettini,550 g,"$5.49
 ea.",,$1.00 /100g,,,https://product-images.metro.ca/images/h9f/h82/11022377680926.jpg,https://www.metro.ca/en/online-grocery/search-page-270
SMOKY BAY,Australian Red Wine,4 L,"$48.49
 ea.",,$1.21 /100ml,,,https://product-images.metro.ca/images/heb/hf9/11511779131422.jpg,https://www.metro.ca/en/online-grocery/search-page-270
SMOKY BAY,Australian White Wine,4 L,"$48.49
 ea.",,$1.21 /100ml,,,https://product-images.metro.ca/images/h67/had/11511778476062.jpg,https://www.metro.ca/en/online-grocery/search-page-270
IÖGO,"1% Vanilla Flavoured Drinkable Yogurt, Nanö",900 mL,"$6.29
 ea.",,$0.70 /100ml,,,,https://www.metro.ca/en/online-grocery/search-page-270
IÖGO,"1% Strawberry Flavoured Drinkable Yogurt, Nanö",900 mL,"$6.29
 ea.",,$0.70 /100ml,,,,https://www.metro.ca/en/online-grocery/search-page-270
MCCAIN,"Frozen Chocolate Brownie Cake Cups, Deep'N Delicious",340 g,"$8.49
 ea.",,$2.50 /100g,,,,https://www.metro.ca/en/online-grocery/search-page-270
MCCAIN,"Frozen Cookie Crumb Cake Cups, Deep'N Delicious Minis",340 g,"$8.49
 ea.",,$2.50 /100g,,,,https://www.metro.ca/en/online-grocery/search-page-270
ARCTIC GARDENS,Thai Style Frozen Vegetables,675 g,"$5.49
 ea.",,$0.81 /100g,,,https://product-images.metro.ca/images/h27/h96/11022433714206.jpg,https://www.metro.ca/en/online-grocery/search-page-270
KEEP CALM,"Canadian Red Wine, & Thrive",4 L,"$44.79
 ea.",,$1.12 /100ml,,,,https://www.metro.ca/en/online-grocery/search-page-270
BÙ,"Portuguese Red Wine, Vinho Tinto",750 mL,"$17.29
 ea.",,$2.31 /100ml,,,,https://www.metro.ca/en/online-grocery/search-page-270
FROMAGERIE BERGERON,"Ripened Firm Light Cheese Aged18 Months, Le Seigneur...",170 g,"$8.49
 ea.",,$4.99 /100g,"Regular price
$9.99  ea.","Valid until Jan 10, 2024",,https://www.metro.ca/en/online-grocery/search-page-270
LA FOURMI BIONIQUE,Organic Tonik Granola Cereal,283 g,"$3.77
 ea.",,$1.33 /100g,"Regular price
$5.49  ea.","Valid until Jan 10, 2024",https://product-images.metro.ca/images/h07/h46/10724289314846.jpg,https://www.metro.ca/en/online-grocery/search-page-270
LA FOURMI BIONIQUE,Organic Honey And Maple Syrup Granola,808 g,"$12.49
 ea.",,$1.55 /100g,"Regular price
$13.99  ea.","Valid until Feb 7, 2024",https://product-images.metro.ca/images/h76/hd3/10982269452318.jpg,https://www.metro.ca/en/online-grocery/search-page-270
ARCTIC GARDENS,Frozen California Style Vegetables,675 g,"$5.49
 ea.",,$0.81 /100g,,,https://product-images.metro.ca/images/h3b/h3c/11022316863518.jpg,https://www.metro.ca/en/online-grocery/search-page-270
LIFE SMART,"Peach Flavoured Kombucha, Organic",414 ml,"$3.49
 ea.",,$0.84 /100ml,"Regular price
$3.99  ea.","Valid until Jan 10, 2024",,https://www.metro.ca/en/online-grocery/search-page-270
CHEETOS,Cheddar Jalapeño Flavoured Pop Corn,180 g,"2 / 
$8.50",,or $4.99 ea. $2.36 /100g,,"Valid until Jan 24, 2024",https://product-images.metro.ca/images/h59/hb7/12245618393118.jpg,https://www.metro.ca/en/online-grocery/search-page-270
DOLE,"Orange Juice Gels, Fru-Gel",4x123 g,"$4.49
 ea.",,$0.91 /100g,,,,https://www.metro.ca/en/online-grocery/search-page-270
FOLGERS,Morning Coffee K-Cup Coffee Capsule,30 un,"$18.99
 ea.",,$9.04 /100g,"Regular price
$19.99  ea.","Valid until Feb 7, 2024",https://product-images.metro.ca/images/h15/h99/11521868365854.jpg,https://www.metro.ca/en/online-grocery/search-page-270
MIKES,Frozen Macaroni & Cheese,250 g,"$4.99
 ea.",,$2.00 /100g,,,https://product-images.metro.ca/images/hc0/hb6/11154139938846.jpg,https://www.metro.ca/en/online-grocery/search-page-270
MIKES,Frozen Tortellini With Rosée Sauce,275 g,"$4.99
 ea.",,$1.81 /100g,,,https://product-images.metro.ca/images/hfd/h45/11154137251870.jpg,https://www.metro.ca/en/online-grocery/search-page-270
LAY'S,Fries And Gravy Flavoured Chips,220 g,"2 / 
$7.50",,$1.70 /100g,"Regular price
$4.49  ea.","Valid until Jan 10, 2024",https://product-images.metro.ca/images/hc7/h95/12175315828766.jpg,https://www.metro.ca/en/online-grocery/search-page-270
LA FOURMI BIONIQUE,"Organic Granola With Dark Chocolate, Raisins And Alm...",808 g,"$12.49
 ea.",,$1.55 /100g,"Regular price
$13.99  ea.","Valid until Feb 7, 2024",,https://www.metro.ca/en/online-grocery/search-page-270
CRISCO,All Vegetable Shortening,454 g,"$4.49
 ea.",,$0.99 /100g,,,https://product-images.metro.ca/images/h22/hc6/12175339651102.jpg,https://www.metro.ca/en/online-grocery/search-page-270
PERSONNELLE,Extra Strength Conditioner With Argan Oil,385 mL,"$7.99
 ea.",,$2.08 /100ml,,,https://product-images.metro.ca/images/hd8/h4c/10982300975134.jpg,https://www.metro.ca/en/online-grocery/search-page-270
PREMIÈRE MOISSON,"Turnip, Celery And Apple Soup",700 mL,"$7.99
 ea.",,$1.14 /100ml,"Regular price
$8.99  ea.","Valid until Jan 10, 2024",https://product-images.metro.ca/images/h98/h4d/11449724469278.jpg,https://www.metro.ca/en/online-grocery/search-page-270
SPLENDA,Sweetener,908 g,"$9.99
 ea.",,$1.10 /100g,,,https://product-images.metro.ca/images/h4c/h11/12051077333022.jpg,https://www.metro.ca/en/online-grocery/search-page-270
PERSONNELLE,Sheer Volume Shampoo,375 mL,"$2.99
 ea.",,$0.80 /100ml,"Regular price
$3.79  ea.","Valid until Feb 7, 2024",https://product-images.metro.ca/images/h73/hc1/11022395375646.jpg,https://www.metro.ca/en/online-grocery/search-page-270
NESCAFÉ,"Medium And Dark Roasts Blend Smooth Instant Coffee, ...",100 g,"$8.99
 ea.",,$8.99 /100g,,,,https://www.metro.ca/en/online-grocery/search-page-270
BLUEWATER SEAFOODS,"Frozen Uncooked Breaded Butterfly Shrimp, Air Fried",227 g,"$8.99
 ea.",,$3.96 /100g,"Regular price
$12.99  ea.","Valid until Jan 10, 2024",,https://www.metro.ca/en/online-grocery/search-page-270
CHIPS AHOY!,"Confetti Cake Flavoured Cookies, Chewy",408 g,"$4.49
 ea.",,$1.10 /100g,"Regular price
$5.99  ea.","Valid until Jan 10, 2024",,https://www.metro.ca/en/online-grocery/search-page-270
TEMPEHINE,Organic Ground Tempeh,340 g,"$7.99
 ea.",,$2.35 /100g,"Regular price
$8.99  ea.","Valid until Jan 17, 2024",https://product-images.metro.ca/images/h0e/hf4/11461968691230.jpg,https://www.metro.ca/en/online-grocery/search-page-271
NATREL,"Vanilla Flavoured 2% Protein Milk, Plus",2 L,"$5.99
 ea.",,$0.30 /100ml,"Regular price
$7.49  ea.","Valid until Jan 10, 2024",,https://www.metro.ca/en/online-grocery/search-page-271
ATYPIQUE,Gin And Tonic Flavoured Alcohol Free Sparkling Beverage,4x355 mL,"$8.99
 ea.",,$0.63 /100ml,"Regular price
$9.99  ea.","Valid until Jan 10, 2024",https://product-images.metro.ca/images/h1a/h3c/11198418026526.jpg,https://www.metro.ca/en/online-grocery/search-page-271
CHAPMAN'S,Cherry Chocolate Truffle Flavoured Ice Cream,500 mL,"$6.99
 ea.",,$1.40 /100ml,,,https://product-images.metro.ca/images/hee/h4a/11292970942494.jpg,https://www.metro.ca/en/online-grocery/search-page-271
CHAPMAN'S,Vanilla Trilogy Ice Cream,500 mL,"$6.99
 ea.",,$1.40 /100ml,,,https://product-images.metro.ca/images/hcc/hd5/11292912943134.jpg,https://www.metro.ca/en/online-grocery/search-page-271
CHAPMAN'S,Cold Brew Coffee Ice Cream,500 mL,"$6.99
 ea.",,$1.40 /100ml,,,https://product-images.metro.ca/images/h98/hc8/12175509094430.jpg,https://www.metro.ca/en/online-grocery/search-page-271
ATYPIQUE,Gin And Tonic Flavoured Alcohol Free Sparkling Beverage,355 mL,"$2.49
 ea.",,$0.70 /100ml,"Regular price
$2.99  ea.","Valid until Jan 10, 2024",https://product-images.metro.ca/images/h0c/he8/11714377744414.jpg,https://www.metro.ca/en/online-grocery/search-page-271
ATYPIQUE,Spritz Flavoured Alcohol Free Sparkling Beverage,4x355 mL,"$8.99
 ea.",,$0.63 /100ml,"Regular price
$9.99  ea.","Valid until Jan 10, 2024",https://product-images.metro.ca/images/h4a/h07/11478043099166.jpg,https://www.metro.ca/en/online-grocery/search-page-271
ATYPIQUE,Amaretto Sour Flavoured Alcohol Free Sparkling Beverage,355 mL,"$2.49
 ea.",,$0.70 /100ml,"Regular price
$2.99  ea.","Valid until Jan 10, 2024",https://product-images.metro.ca/images/hb9/h2d/11817102376990.jpg,https://www.metro.ca/en/online-grocery/search-page-271
ATYPIQUE,Spiced Rhum And Cola Flavoured Alcohol Free Sparklin...,355 mL,"$2.49
 ea.",,$0.70 /100ml,"Regular price
$2.99  ea.","Valid until Jan 10, 2024",,https://www.metro.ca/en/online-grocery/search-page-271
ATYPIQUE,Spiced Rhum And Cola Flavoured Alcohol Free Sparklin...,4x355 mL,"$8.99
 ea.",,$0.63 /100ml,"Regular price
$9.99  ea.","Valid until Jan 10, 2024",,https://www.metro.ca/en/online-grocery/search-page-271
ATYPIQUE,Amaretto Sour Flavoured Alcohol Free Sparkling Beverage,4x355 mL,"$8.99
 ea.",,$0.63 /100ml,"Regular price
$9.99  ea.","Valid until Jan 10, 2024",https://product-images.metro.ca/images/h29/h2f/11198335516702.jpg,https://www.metro.ca/en/online-grocery/search-page-271
ATYPIQUE,Mojito Flavoured Alcohol Free Sparkling Beverage,4x355 mL,"$8.99
 ea.",,$0.63 /100ml,"Regular price
$9.99  ea.","Valid until Jan 10, 2024",https://product-images.metro.ca/images/h85/h96/11198400561182.jpg,https://www.metro.ca/en/online-grocery/search-page-271
ATYPIQUE,Spritz Flavoured Alcohol Free Sparkling Beverage,355 mL,"$2.49
 ea.",,$0.70 /100ml,"Regular price
$2.99  ea.","Valid until Jan 10, 2024",https://product-images.metro.ca/images/h50/h4e/11541294120990.jpg,https://www.metro.ca/en/online-grocery/search-page-271
ATYPIQUE,Mojito Flavoured Alcohol Free Sparkling Beverage,355 mL,"$2.49
 ea.",,$0.70 /100ml,"Regular price
$2.99  ea.","Valid until Jan 10, 2024",https://product-images.metro.ca/images/hcf/h2c/11714377449502.jpg,https://www.metro.ca/en/online-grocery/search-page-271
OATBOX,Organic Maple And Pecan Flavoured Oatmeal,300 g,"$6.49
 ea.",,$2.16 /100g,,,https://product-images.metro.ca/images/h01/hde/11267702390814.jpg,https://www.metro.ca/en/online-grocery/search-page-271
RITZ,Mini Crackers,6x30 g,"$3.49
 ea.",,$1.94 /100g,"Regular price
$4.19  ea.","Valid until Jan 31, 2024",https://product-images.metro.ca/images/h28/h59/11320087937054.jpg,https://www.metro.ca/en/online-grocery/search-page-271
FANTA,Orange Flavoured Soft Drink,2 L,"$3.69
 ea.",,$0.18 /100ml,,,https://product-images.metro.ca/images/hf1/h68/11367348174878.jpg,https://www.metro.ca/en/online-grocery/search-page-271
FANTA,Orange Flavoured Soft Drinks,8x300 mL,"$6.49
 ea.",,$0.27 /100ml,"Regular price
$6.99  ea.","Valid until Jan 24, 2024",https://product-images.metro.ca/images/hbe/h3b/11367351582750.jpg,https://www.metro.ca/en/online-grocery/search-page-271
SELECTION,"3-Ply Bathroom Tissue, Ultra Soft",6 un,"$5.49
 ea.",,$0.92 /un.,"Regular price
$5.79  ea.","Valid until Feb 7, 2024",,https://www.metro.ca/en/online-grocery/search-page-271
IRRESISTIBLES,Frozen Shrimp Gyoza Dumplings,400 g,"$11.99
 ea.",,$3.00 /100g,,,https://product-images.metro.ca/images/h29/h75/12175363047454.jpg,https://www.metro.ca/en/online-grocery/search-page-271
FAVUZZI,Delicate Olive Oil Extra Virgin,500 mL,"$23.99
 ea.",,$4.80 /100ml,,,https://product-images.metro.ca/images/h32/h78/11386340409374.jpg,https://www.metro.ca/en/online-grocery/search-page-271
BELOV,Beef Textured Baby Meal,125 g,"$9.49
 ea.",,$7.59 /100g,"Regular price
$9.99  ea.","Valid until Feb 14, 2024",https://product-images.metro.ca/images/h18/h7c/11432892104734.jpg,https://www.metro.ca/en/online-grocery/search-page-271
TACOTIME,Frozen Beef Taquitos,375 g,"$14.49
 ea.",,$3.86 /100g,,,https://www.metro.ca/images/shared/placeholders/icon-no-picture.svg?v=2023.71.1.d1,https://www.metro.ca/en/online-grocery/search-page-271
BELOV,Lentil Textured Baby Meal,125 g,"$9.49
 ea.",,$7.59 /100g,"Regular price
$9.99  ea.","Valid until Feb 14, 2024",https://product-images.metro.ca/images/h3f/h87/11432895086622.jpg,https://www.metro.ca/en/online-grocery/search-page-271
BELOV,Chickpea Textured Baby Meal,150 g,"$9.49
 ea.",,$6.33 /100g,"Regular price
$9.99  ea.","Valid until Feb 14, 2024",https://product-images.metro.ca/images/hf3/hb0/11432895512606.jpg,https://www.metro.ca/en/online-grocery/search-page-271
HERSHEY'S,"White Crème Flavoured Chocolate Chips, Chipits",270 g,"$4.29
 ea.",,$1.59 /100g,"Regular price
$4.79  ea.","Valid until Feb 7, 2024",,https://www.metro.ca/en/online-grocery/search-page-271
VAN HOUTTE,Light Roast Dulce De Leche Flavoured K-Cup Coffee Pods,12 un,"$9.99
 ea.",,$0.83 /un.,"Regular price
$11.99  ea.","Valid until Feb 7, 2024",https://product-images.metro.ca/images/hf6/h4a/11509529772062.jpg,https://www.metro.ca/en/online-grocery/search-page-271
REESE,"Mini Pieces Baking Chocolate, Chipits",270 g,"$4.29
 ea.",,$1.59 /100g,"Regular price
$4.79  ea.","Valid until Feb 7, 2024",,https://www.metro.ca/en/online-grocery/search-page-271
LIFE SMART,"Free Run Hence Large Eggs, Naturalia",12 un,"$6.79
 ea.",,$6.79 /un.,,"Valid until Jan 10, 2024",,https://www.metro.ca/en/online-grocery/search-page-271
IRRESISTIBLES,Frozen Milk Chocolate Covered Strawberries,200 g,"$6.99
 ea.",,$3.50 /100g,,,https://product-images.metro.ca/images/h46/ha1/12175871115294.jpg,https://www.metro.ca/en/online-grocery/search-page-272
FOLGERS,French Vanilla Ground Coffee,272 g,"$6.99
 ea.",,$2.57 /100g,"Regular price
$8.29  ea.","Valid until Feb 7, 2024",https://product-images.metro.ca/images/h39/h6c/12152486035486.jpg,https://www.metro.ca/en/online-grocery/search-page-272
RIVIERA,Raspberry And Blackcurrant Flavoured Vegan Coconut M...,4x120 g,"$6.79
 ea.",,$5.66 /100g,,,,https://www.metro.ca/en/online-grocery/search-page-272
TRADITION,Apple And Pear Juice Blend From Concentrate,1.5 L,"$3.99
 ea.",,$0.27 /100ml,"Regular price
$4.69  ea.","Valid until Jan 10, 2024",https://product-images.metro.ca/images/hb7/hcb/12259039805470.jpg,https://www.metro.ca/en/online-grocery/search-page-272
IRRESISTIBLES,Frozen Milk Chocolate Covered Blueberries,200 g,"$6.99
 ea.",,$3.50 /100g,,,https://product-images.metro.ca/images/h80/ha0/12175870296094.jpg,https://www.metro.ca/en/online-grocery/search-page-272
SELECTION,Country Style 15% Cream,473 mL,"$2.99
 ea.",,$0.63 /100ml,"Regular price
$4.19  ea.","Valid until Jan 10, 2024",https://product-images.metro.ca/images/h5d/h9e/12067027386398.jpg,https://www.metro.ca/en/online-grocery/search-page-272
CAVENDISH FARMS,Frozen Straight Cut French Fries,800 g,"$5.79
 ea.",,$0.72 /100g,,,https://product-images.metro.ca/images/h9d/hc3/12175880093726.jpg,https://www.metro.ca/en/online-grocery/search-page-272
IRRESISTIBLES,Yellowfin Tuna Poke,400 g,"$24.99
 ea.",,$6.25 /100g,,,https://product-images.metro.ca/images/h13/hd9/12175894315038.jpg,https://www.metro.ca/en/online-grocery/search-page-272
IRRESISTIBLES,"Frozen Mushrooms And Truffle Pizza, Gusto Italiano",363 g,"$6.99
 ea.",,$1.93 /100g,"Regular price
$7.99  ea.","Valid until Feb 14, 2024",,https://www.metro.ca/en/online-grocery/search-page-272
METROGO!,"Browned Butter Butternut Squash Purée, Martin Juneau",350 g,"$4.99
 ea.",,$1.43 /100g,"Regular price
$6.49  ea.","Valid until Jan 10, 2024",https://product-images.metro.ca/images/hab/h65/11926869868574.jpg,https://www.metro.ca/en/online-grocery/search-page-272
METROGO!,"Maple Confit Beet Concassé, Martin Juneau",350 g,"$4.99
 ea.",,$1.43 /100g,"Regular price
$6.49  ea.","Valid until Jan 10, 2024",https://product-images.metro.ca/images/he4/h6b/11926898737182.jpg,https://www.metro.ca/en/online-grocery/search-page-272
IRRESISTIBLES,"Frozen Mediterranean-Style Pizza, Gusto Italiano",410 g,"$6.99
 ea.",,$1.70 /100g,"Regular price
$7.99  ea.","Valid until Feb 14, 2024",,https://www.metro.ca/en/online-grocery/search-page-272
STEFANO FAITA,Frozen Mushroom And Bacon Pizza,393 g,"$6.99
 ea.",,$1.78 /100g,"Regular price
$7.99  ea.","Valid until Feb 14, 2024",https://product-images.metro.ca/images/h52/he9/11919039201310.jpg,https://www.metro.ca/en/online-grocery/search-page-272
METROGO!,"Honey And Camelina Oil Mashed Carrots, Martin Juneau",350 g,"$4.99
 ea.",,$1.43 /100g,"Regular price
$6.49  ea.","Valid until Jan 10, 2024",https://product-images.metro.ca/images/h65/h4d/11926873538590.jpg,https://www.metro.ca/en/online-grocery/search-page-272
IRRESISTIBLES,"Frozen Spinash And Ricotta Pizza, Gusto Italiano",410 g,"$6.99
 ea.",,$1.70 /100g,"Regular price
$7.99  ea.","Valid until Feb 14, 2024",,https://www.metro.ca/en/online-grocery/search-page-272
METROGO!,"Aligot-Style Mashed Potato, Martin Juneau",350 g,"$4.99
 ea.",,$1.43 /100g,"Regular price
$6.49  ea.","Valid until Jan 10, 2024",https://product-images.metro.ca/images/h60/h8a/11926873145374.jpg,https://www.metro.ca/en/online-grocery/search-page-272
TWININGS,Peach & Orange Flavoured Herbal Tea,20 un,"$5.79
 ea.",,$0.29 /un.,,,https://product-images.metro.ca/images/h18/h9c/12102061031454.jpg,https://www.metro.ca/en/online-grocery/search-page-272
OLD EL PASO,"Asado Chicken Tortilla Kit, Street Taco",320 g,"$6.99
 ea.",,$2.18 /100g,,,,https://www.metro.ca/en/online-grocery/search-page-272
HEINEKEN,Non-Alcoholic Dutch Lager Beer,12x330 mL,"$23.99
 ea.",,$0.61 /100ml,"Regular price
$24.99  ea.","Valid until Jan 10, 2024",https://product-images.metro.ca/images/hb4/h8a/12230667075614.jpg,https://www.metro.ca/en/online-grocery/search-page-272
WALLAROO TRAIL,Australian Red Wine,4 L,"$48.49
 ea.",,$1.21 /100ml,,,https://product-images.metro.ca/images/h86/h3a/11916963282974.jpg,https://www.metro.ca/en/online-grocery/search-page-272
EVIVE,Frozen Sunrize Smoothie Cubes,405 g,"$9.49
 ea.",,$2.34 /100g,"Regular price
$10.99  ea.","Valid until Feb 14, 2024",https://product-images.metro.ca/images/hd4/h4a/12122307330078.jpg,https://www.metro.ca/en/online-grocery/search-page-272
IRRESISTIBLES,Christmas Log Ice Cream,1.5 L,"$5.49
 ea.",,$0.37 /100ml,"Regular price
$7.29  ea.","Valid until Jan 10, 2024",https://product-images.metro.ca/images/hcd/h78/12067143188510.jpg,https://www.metro.ca/en/online-grocery/search-page-272
TIDE,"Spring Meadow Scented Fabric Rinse Agent, Clean Boost",754 mL,"$10.99
 ea.",,$1.46 /100ml,,,,https://www.metro.ca/en/online-grocery/search-page-272
SELECTION,Sweet Lavender Scented Oil Air Freshener Refill,1 un,"$4.99
 ea.",,$4.99 /un.,"Regular price
$6.99  ea.","Valid until Feb 7, 2024",https://product-images.metro.ca/images/hd2/hc1/12192382189598.jpg,https://www.metro.ca/en/online-grocery/search-page-272
SELECTION,Fresh Linen Scented Oil Air Freshener Refill,1 un,"$4.99
 ea.",,$4.99 /un.,"Regular price
$6.99  ea.","Valid until Feb 7, 2024",https://product-images.metro.ca/images/h50/h6f/12192380321822.jpg,https://www.metro.ca/en/online-grocery/search-page-272
SELECTION,Lactose Free Coffee 10% Cream,1 L,"$5.49
 ea.",,$0.55 /100ml,,,https://product-images.metro.ca/images/h4e/hf8/12023035854878.jpg,https://www.metro.ca/en/online-grocery/search-page-272
SELECTION,Berry Scented Oil Air Freshener Refill,1 un,"$4.99
 ea.",,$4.99 /un.,"Regular price
$6.99  ea.","Valid until Feb 7, 2024",https://product-images.metro.ca/images/he8/h3d/12192382451742.jpg,https://www.metro.ca/en/online-grocery/search-page-272
ANNIE'S,"Organic Macaroni And Cheese, Marvel",170 g,"$3.69
 ea.",,$2.17 /100g,,,,https://www.metro.ca/en/online-grocery/search-page-272
BUBLY,Cherry Flavoured Sparkling Water,12 x 355 mL,"2 / 
$11.48",,or $6.49 ea. $0.13 /100ml,,"Valid until Feb 7, 2024",https://product-images.metro.ca/images/h09/hba/12084059799582.jpg,https://www.metro.ca/en/online-grocery/search-page-272
BEAVERTAILS,Creamy Sugar Flavoured Spread,425 g,"$5.49
 ea.",,$1.29 /100g,,,https://product-images.metro.ca/images/h29/hda/12146464325662.jpg,https://www.metro.ca/en/online-grocery/search-page-272
IRRESISTIBLES,Italian Chicken Breast Strips,200 g,"$5.99
 ea.",,$3.00 /100g,"Regular price
$6.99  ea.","Valid until Jan 10, 2024",https://product-images.metro.ca/images/h4e/hf8/12067096133662.jpg,https://www.metro.ca/en/online-grocery/search-page-273
P.F.CHANG'S,Frozen Pad Thai With Chicken,312 g,"$8.99
 ea.",,$2.88 /100g,,,https://product-images.metro.ca/images/h0f/hbd/12023093657630.jpg,https://www.metro.ca/en/online-grocery/search-page-273
P.F.CHANG'S,Frozen Korean Inspired Pork,312 g,"$8.99
 ea.",,$2.88 /100g,,,https://product-images.metro.ca/images/h0e/ha3/12084072185886.jpg,https://www.metro.ca/en/online-grocery/search-page-273
P.F.CHANG'S,Frozen Lo Mein With Chicken,312 g,"$8.99
 ea.",,$2.88 /100g,,,https://product-images.metro.ca/images/hc0/hc2/12175950250014.jpg,https://www.metro.ca/en/online-grocery/search-page-273
P.F.CHANG'S,Frozen Beef With Broccolis,312 g,"$8.99
 ea.",,$2.88 /100g,,,https://product-images.metro.ca/images/hdc/h7e/12175936946206.jpg,https://www.metro.ca/en/online-grocery/search-page-273
CHRISTIE,Holiday Cracker,180 g,"$3.49
 ea.",,$1.94 /100g,"Regular price
$4.19  ea.","Valid until Jan 24, 2024",https://product-images.metro.ca/images/hbd/h2c/12192398737438.jpg,https://www.metro.ca/en/online-grocery/search-page-273
IRRESISTIBLES,Bocconcini Bites,2x126 g,"$7.99
 ea.",,$3.17 /100g,"Regular price
$8.49  ea.","Valid until Jan 10, 2024",https://product-images.metro.ca/images/h35/h1f/12175930818590.jpg,https://www.metro.ca/en/online-grocery/search-page-273
IRRESISTIBLES,Frozen Tex Mex Jalapeño Chicken And Vegetable Tacos,480 g,"$10.99
 ea.",,$2.29 /100g,,,https://product-images.metro.ca/images/h45/h63/12051148144670.jpg,https://www.metro.ca/en/online-grocery/search-page-273
LAY'S,"Sour Cream And Chive Flavoured Potato Snacks, Poppables",130 g,"2 / 
$7.50",,$2.88 /100g,"Regular price
$4.49  ea.","Valid until Jan 10, 2024",,https://www.metro.ca/en/online-grocery/search-page-273
CADBURY,"Hazelnut Milk Chocolate Bar, Dairy Milk",200 g,"$6.29
 ea.",,$3.15 /100g,,,,https://www.metro.ca/en/online-grocery/search-page-273
FRITOS,"BBQ Flavoured Corn Chips, Hoops",340 g,"2 / 
$7.50",,$1.10 /100g,"Regular price
$4.99  ea.","Valid until Jan 10, 2024",,https://www.metro.ca/en/online-grocery/search-page-273
FRITOS,Original Flavoured Corn Chips,340 g,"2 / 
$7.50",,$1.10 /100g,"Regular price
$4.99  ea.","Valid until Jan 10, 2024",https://product-images.metro.ca/images/h0c/hb9/11064047239198.jpg,https://www.metro.ca/en/online-grocery/search-page-273
JORDANS,"Crunchy 3 Nut Granola, Morning",375 g,"$4.99
 ea.",,$1.33 /100g,"Regular price
$6.79  ea.","Valid until Feb 7, 2024",,https://www.metro.ca/en/online-grocery/search-page-273
JORDANS,"Organic Crunchy Coconut And Raisin Granola, Morning ...",325 g,"$4.99
 ea.",,$1.54 /100g,"Regular price
$6.79  ea.","Valid until Feb 7, 2024",,https://www.metro.ca/en/online-grocery/search-page-273
BUBLY,Pineapple Flavoured Sparkling Water,12x355 mL,"2 / 
$11.48",,or $6.49 ea. $0.13 /100ml,,"Valid until Feb 7, 2024",https://product-images.metro.ca/images/h0e/h18/11735197450270.jpg,https://www.metro.ca/en/online-grocery/search-page-273
JORDANS,Organic Crunchy 70% Cocoa Dark Chocolate And Coconut...,325 g,"$4.99
 ea.",,$1.54 /100g,"Regular price
$6.79  ea.","Valid until Feb 7, 2024",,https://www.metro.ca/en/online-grocery/search-page-273
JORDANS,"Crunchy Oat Classic Granola, Morning",375 g,"$4.99
 ea.",,$1.33 /100g,"Regular price
$6.79  ea.","Valid until Feb 7, 2024",,https://www.metro.ca/en/online-grocery/search-page-273
ENLIGHTENED,Frozen Caramel Fudge Keto Dessert,473 mL,"$9.49
 ea.",,$2.01 /100ml,,,https://product-images.metro.ca/images/he5/h8c/11432844492830.jpg,https://www.metro.ca/en/online-grocery/search-page-273
ENLIGHTENED,Frozen Vanilla Bean Keto Dessert,473 mL,"$9.49
 ea.",,$2.01 /100ml,,,https://product-images.metro.ca/images/h4a/h91/11541249294366.jpg,https://www.metro.ca/en/online-grocery/search-page-273
ENLIGHTENED,Frozen Chocolate Keto Dessert,473 mL,"$9.49
 ea.",,$2.01 /100ml,,,https://product-images.metro.ca/images/h16/h30/11541250899998.jpg,https://www.metro.ca/en/online-grocery/search-page-273
ENLIGHTENED,Frozen Coffee Chip Keto Dessert,473 mL,"$9.49
 ea.",,$2.01 /100ml,,,https://product-images.metro.ca/images/h0f/h81/11541249458206.jpg,https://www.metro.ca/en/online-grocery/search-page-273
LIFE SMART,Unsweetened Apple Sauce,620 mL,"$1.99
 ea.",,$0.32 /100ml,"Regular price
$2.69  ea.","Valid until Jan 10, 2024",https://product-images.metro.ca/images/h79/h45/9985567293470.jpg,https://www.metro.ca/en/online-grocery/search-page-273
ATTITUDE,Natural Body Lotion,473 mL,"$13.99
 ea.",,$2.96 /100ml,"Regular price
$17.49  ea.","Valid until Feb 7, 2024",https://product-images.metro.ca/images/h6b/h5c/10269126295582.jpg,https://www.metro.ca/en/online-grocery/search-page-273
TOSTITOS,"Tortilla Chips, Strips",300 g,"2 / 
$8.50",,or $4.99 ea. $1.42 /100g,,"Valid until Jan 24, 2024",,https://www.metro.ca/en/online-grocery/search-page-273
COCA-COLA,Zero Sugar Soft Drink,12x355 mL,"$6.98
 ea.",,$1.97 /100ml,"Regular price
$7.99  ea.","Valid until Jan 10, 2024",https://product-images.metro.ca/images/hac/hcd/10496069238814.jpg,https://www.metro.ca/en/online-grocery/search-page-273
SLEEMAN,"Light Blonde Beer, Clear 2.0",30x355 mL,"$42.99
 ea.",,$0.40 /100ml,"Regular price
$44.99  ea.","Valid until Jan 10, 2024",,https://www.metro.ca/en/online-grocery/search-page-273
LECLERC,"Strawberry Flavoured Muffin Bars, Muffin Max",223 g,"$1.77
 ea.",,$0.79 /100g,"Regular price
$3.79  ea.","Valid until Jan 10, 2024",,https://www.metro.ca/en/online-grocery/search-page-273
LYSOL,Cotton Fresh Scented Disinfectant Spray,539 g,"$7.99
 ea.",,$1.48 /100g,"Regular price
$9.99  ea.","Valid until Feb 7, 2024",https://product-images.metro.ca/images/h42/h12/9871352397854.jpg,https://www.metro.ca/en/online-grocery/search-page-273
CRISPERS,Bbq Flavoured Crackers,145 g,"2 / 
$6.00",,$2.07 /100g,"Regular price
$3.69  ea.","Valid until Jan 24, 2024",https://product-images.metro.ca/images/h0f/h46/12083999080478.jpg,https://www.metro.ca/en/online-grocery/search-page-273
CRISPERS,Salt And Vinegar Flavoured Crackers,145 g,"2 / 
$6.00",,$2.07 /100g,"Regular price
$3.69  ea.","Valid until Jan 24, 2024",https://product-images.metro.ca/images/h37/h6d/9873124655134.jpg,https://www.metro.ca/en/online-grocery/search-page-273
PILLSBURY,Chocolate Fudge Brownie Bar,6x25 g,"2 / 
$6.00",,or $3.99 ea. $2.00 /100g,,"Valid until Feb 7, 2024",https://product-images.metro.ca/images/h67/h00/10823087849502.jpg,https://www.metro.ca/en/online-grocery/search-page-274
PEEK FREANS,Social Tea Cookies,350 g,"$3.79
 ea.",,$1.08 /100g,"Regular price
$4.99  ea.","Valid until Jan 24, 2024",https://product-images.metro.ca/images/h5f/h73/9883461582878.jpg,https://www.metro.ca/en/online-grocery/search-page-274
PHILADELPHIA,Lactose Free Original Cream Cheese,250 g,"$6.49
 ea.",,$2.60 /100g,,,https://product-images.metro.ca/images/h88/h1a/10134714384414.jpg,https://www.metro.ca/en/online-grocery/search-page-274
STARBUCKS,Vanilla Latte Flavoured Iced Coffee,1.18 L,"$8.49
 ea.",,$0.72 /100ml,,,https://product-images.metro.ca/images/h07/hde/10139451228190.jpg,https://www.metro.ca/en/online-grocery/search-page-274
VÉGANE MAIS PAS PLATE,Frozen Stuffed Ravioli,350 g,"$7.99
 ea.",,$2.28 /100g,"Regular price
$8.99  ea.","Valid until Feb 14, 2024",https://product-images.metro.ca/images/h84/h48/10708817346590.jpg,https://www.metro.ca/en/online-grocery/search-page-274
VÉGANE MAIS PAS PLATE,Frozen General Tao,350 g,"$7.99
 ea.",,$2.28 /100g,"Regular price
$8.99  ea.","Valid until Feb 14, 2024",https://product-images.metro.ca/images/he8/h44/10708813053982.jpg,https://www.metro.ca/en/online-grocery/search-page-274
SELECTION,Sweetened Homestyle Apple Sauce,620 mL,"$1.99
 ea.",,$0.32 /100ml,"Regular price
$2.69  ea.","Valid until Jan 10, 2024",https://product-images.metro.ca/images/heb/h83/11521638203422.jpg,https://www.metro.ca/en/online-grocery/search-page-274
CRISPERS,Ketchup Flavoured Crackers,145 g,"2 / 
$6.00",,$2.07 /100g,"Regular price
$3.69  ea.","Valid until Jan 24, 2024",https://product-images.metro.ca/images/hce/hff/12084002160670.jpg,https://www.metro.ca/en/online-grocery/search-page-274
VAN HOUTTE,Light Roast Vanilla Hazelnut Flavoured K-Cup Coffee ...,24 un,"$19.99
 ea.",,$0.83 /un.,,,,https://www.metro.ca/en/online-grocery/search-page-274
VAN HOUTTE,"Dark Roast K-Cup Coffee Pods, Colombian Dark",24 un,"$19.99
 ea.",,$0.83 /un.,,,,https://www.metro.ca/en/online-grocery/search-page-274
VAN HOUTTE,"Medium Roast K-Cup Coffee Pods, Colombian",24 un,"$19.99
 ea.",,$0.83 /un.,,,,https://www.metro.ca/en/online-grocery/search-page-274
HÄAGEN-DAZS,Chocolate And Hazelnut Flavoured Ice Cream Bars,3x88 mL,"$4.99
 ea.",,$1.89 /100ml,"Regular price
$6.69  ea.","Valid until Jan 24, 2024",https://product-images.metro.ca/images/h5a/hfa/11307202150430.jpg,https://www.metro.ca/en/online-grocery/search-page-274
MONSTER,Punch Flavoured Khaotic Energy Drink,473 mL,"2 / 
$5.50",,$0.58 /100ml,"Regular price
$3.99  ea.","Valid until Jan 24, 2024",https://product-images.metro.ca/images/h5d/h7e/10905676447774.jpg,https://www.metro.ca/en/online-grocery/search-page-274
VAN HOUTTE,"Dark Roast K-Cup Coffee Pods, House Blend Dark",24 un,"$19.99
 ea.",,$0.83 /un.,,,,https://www.metro.ca/en/online-grocery/search-page-274
VAN HOUTTE,"Medium Roast K-Cup Coffee Pods, House Blend",24 un,"$19.99
 ea.",,$0.83 /un.,,,,https://www.metro.ca/en/online-grocery/search-page-274
DRUMSTICK,Kit Kat Flavoured Dessert Cones,4x135 mL,"$5.99
 ea.",,$1.11 /100ml,"Regular price
$8.79  ea.","Valid until Jan 24, 2024",https://product-images.metro.ca/images/h1b/ha9/10118788055070.jpg,https://www.metro.ca/en/online-grocery/search-page-274
PEPSI,"Zero Calorie Soft Drink, Zero",8x355 mL,"$5.99
 ea.",,$0.21 /100ml,"Regular price
$6.79  ea.","Valid until Jan 24, 2024",,https://www.metro.ca/en/online-grocery/search-page-274
POWERADE,"No Sugar Blue Raspberry Flavoured Thirst Quencher, Ion4",6x591 mL,"$5.99
 ea.",,$1.01 /100ml,"Regular price
$7.69  ea.","Valid until Jan 10, 2024",,https://www.metro.ca/en/online-grocery/search-page-274
STARBUCKS,Caramel Macchiato Flavoured Iced Espresso,1.18 L,"$8.49
 ea.",,$0.72 /100ml,,,https://product-images.metro.ca/images/hfe/ha5/10139452473374.jpg,https://www.metro.ca/en/online-grocery/search-page-274
LIFE SMART,Stevia Sweetener,260 g,"$9.29
 ea.",,$3.57 /100g,,,https://product-images.metro.ca/images/h7d/hac/9873272209438.jpg,https://www.metro.ca/en/online-grocery/search-page-274
COORS SELTZER,"Alcoholic Malt Beverage Variety Pack, With A Mission",12x355 mL,"$24.99
 ea.",,$0.59 /100ml,,,,https://www.metro.ca/en/online-grocery/search-page-274
VIZZY,Alcoholic Malt Beverage Variety Pack,12x355 mL,"$25.99
 ea.",,$0.61 /100ml,,,https://product-images.metro.ca/images/h9c/h48/10850922758174.jpg,https://www.metro.ca/en/online-grocery/search-page-274
COORS SELTZER,Mango Flavoured Alcoholic Malt Beverage,473 mL,"2 / 
$7.00",,or $3.99 ea. $0.74 /100ml,,"Valid until Feb 7, 2024",https://product-images.metro.ca/images/hfc/h55/10710673096734.jpg,https://www.metro.ca/en/online-grocery/search-page-274
PERSONNELLE,Soft Bamboo Thoothbrush,1 un,"$1.99
 ea.",,$1.99 /un.,"Regular price
$2.99  ea.","Valid until Feb 7, 2024",https://product-images.metro.ca/images/h82/h33/10095719186462.jpg,https://www.metro.ca/en/online-grocery/search-page-274
PEACE TEA,Strawberry And Lemonade Flavoured Iced Tea,695 mL,"$1.49
 ea.",,$0.21 /100ml,,,https://product-images.metro.ca/images/h39/h05/11198170398750.jpg,https://www.metro.ca/en/online-grocery/search-page-274
SOL,Mexican Lager Beer,12x330 mL - bottles,"$23.99
 ea.",,$0.61 /100ml,"Regular price
$25.99  ea.","Valid until Jan 10, 2024",https://product-images.metro.ca/images/h52/had/10035830849566.jpg,https://www.metro.ca/en/online-grocery/search-page-274
DORITOS,"Cheese Flavoured Tortilla Chips, Value Pack, Sweet C...",370 g,"$5.99
 ea.",,$1.62 /100g,,,,https://www.metro.ca/en/online-grocery/search-page-274
PILLSBURY,"Frozen Egg And Cheese Sauce In A Pastry Crust, Toast...",204 g,"$2.99
 ea.",,$1.47 /100g,"Regular price
$5.99  ea.","Valid until Jan 10, 2024",,https://www.metro.ca/en/online-grocery/search-page-274
STEFANO FAITA,Frozen Tomato And Cheese Pizza,397 g,"$6.99
 ea.",,$1.76 /100g,"Regular price
$7.99  ea.","Valid until Feb 14, 2024",https://product-images.metro.ca/images/hc5/h8c/12258806235166.jpg,https://www.metro.ca/en/online-grocery/search-page-274
,Malpeque Oysters,12 Oysters + 2 Free,"$7.99
 ea.",,$7.99 /un.,"Regular price
$8.99  ea.","Valid until Jan 17, 2024",https://product-images.metro.ca/images/h7f/he4/11829909356574.jpg,https://www.metro.ca/en/online-grocery/search-page-274
NESTLÉ,"Turtles Hot Chocolate Mix, Carnation",400 g,"$5.99
 ea.",,$1.50 /100g,"Regular price
$6.99  ea.","Valid until Feb 7, 2024",,https://www.metro.ca/en/online-grocery/search-page-275
NATREL,Lactose Free Extra Sharp Cheddar Cheese,400 g,"$8.49
 ea.",,$2.12 /100g,,,https://product-images.metro.ca/images/hf7/hd5/11997403185182.jpg,https://www.metro.ca/en/online-grocery/search-page-275
PREMIÈRE MOISSON,Butternut Squah With Onions And Maple Cream,700 mL,"$7.99
 ea.",,$1.14 /100ml,"Regular price
$8.99  ea.","Valid until Jan 10, 2024",https://product-images.metro.ca/images/h03/h5b/11916955353118.jpg,https://www.metro.ca/en/online-grocery/search-page-275
LIBERTÉ,"0% Plain Yogurt, Greek",4x100 g,"$4.99
 ea.",,$1.25 /100g,,,,https://www.metro.ca/en/online-grocery/search-page-275
IRRESISTIBLES,Key Lime And Chocolate-Raspberry Mini Cheesecakes,330 g,"$10.99
 ea.",,$3.33 /100g,"Regular price
$12.49  ea.","Valid until Jan 10, 2024",https://product-images.metro.ca/images/hf1/h9d/11730437111838.jpg,https://www.metro.ca/en/online-grocery/search-page-275
BETTY CROCKER,"White Cake Mix, SuperMoist",404 g,"$2.00
 ea.",,$0.50 /100g,"Regular price
$2.69  ea.","Valid until Feb 7, 2024",,https://www.metro.ca/en/online-grocery/search-page-275
BETTY CROCKER,"French Vanilla Flavoured Cake Mix, SuperMoist",375 g,"$2.00
 ea.",,$0.53 /100g,"Regular price
$2.69  ea.","Valid until Feb 7, 2024",,https://www.metro.ca/en/online-grocery/search-page-275
COPPER BRANCH,Frozen Seoul Bibimbap Bowl,400 g,"$7.99
 ea.",,$2.00 /100g,"Regular price
$9.49  ea.","Valid until Feb 14, 2024",https://product-images.metro.ca/images/hf7/h79/11644762816542.jpg,https://www.metro.ca/en/online-grocery/search-page-275
FANTA,Halloween Zero Sugar Soft Drinks,12x355 mL,"$6.98
 ea.",,$1.97 /100ml,"Regular price
$7.99  ea.","Valid until Jan 10, 2024",https://product-images.metro.ca/images/h7c/hee/12175900606494.jpg,https://www.metro.ca/en/online-grocery/search-page-275
TOSTITOS,"Tortilla Chips, Hearty Dippers",250 g,"2 / 
$8.50",,or $4.99 ea. $1.70 /100g,,"Valid until Jan 24, 2024",,https://www.metro.ca/en/online-grocery/search-page-275
SELECTION,Cherry Flavoured Fruity Sparkling Water,12x355 mL,"$5.99
 ea.",,$1.69 /100ml,,,https://product-images.metro.ca/images/h2a/hce/11521967521822.jpg,https://www.metro.ca/en/online-grocery/search-page-275
SIGGI'S,2% Banana Flavoured Skyr Yogurt,650 g,"$5.99
 ea.",,$0.92 /100g,"Regular price
$7.49  ea.","Valid until Feb 14, 2024",https://product-images.metro.ca/images/h96/hb3/11852789186590.jpg,https://www.metro.ca/en/online-grocery/search-page-275
YOPLAIT,"1% Cotton Candy Flavoured Drinkable Yogurt, Yop",200 mL,"3 / 
$3.33",,$0.56 /100ml,"Regular price
4 / $5.00","Valid until Feb 14, 2024",,https://www.metro.ca/en/online-grocery/search-page-275
LIBERTÉ,"Key Lime Pie Flavoured Yogurt, Méditerranée",500 g,"$5.79
 ea.",,$1.16 /100g,,,,https://www.metro.ca/en/online-grocery/search-page-275
LIBERTÉ,"Mango Flavoured Yogurt, Méditerranée",500 g,"$5.79
 ea.",,$1.16 /100g,,,,https://www.metro.ca/en/online-grocery/search-page-275
IÖGO,1.5% Creamy Duo Yogurt,16x100 g,"$8.79
 ea.",,$8.79 /100g,,,https://product-images.metro.ca/images/h50/hb3/11860778483742.jpg,https://www.metro.ca/en/online-grocery/search-page-275
PILLSBURY,Reese'S Cookie Dough,454 g,"$4.29
 ea.",,$0.94 /100g,"Regular price
$5.29  ea.","Valid until Feb 14, 2024",https://product-images.metro.ca/images/h26/h9a/12175434186782.jpg,https://www.metro.ca/en/online-grocery/search-page-275
SVELTE,"Partially Dealcoholized Quebec Sparkling Wine, La Cuvée",750 mL,"$13.99
 ea.",,$1.87 /100ml,"Regular price
$15.49  ea.","Valid until Feb 7, 2024",,https://www.metro.ca/en/online-grocery/search-page-275
PERSONNELLE,Colour Shine Conditioner,385 mL,"$2.99
 ea.",,$0.78 /100ml,"Regular price
$4.99  ea.","Valid until Feb 7, 2024",https://product-images.metro.ca/images/he8/hef/11036507668510.jpg,https://www.metro.ca/en/online-grocery/search-page-275
PERSONNELLE,Conditionner With Cicamide Protein,385 mL,"$2.99
 ea.",,$0.78 /100ml,"Regular price
$4.99  ea.","Valid until Feb 7, 2024",https://product-images.metro.ca/images/he2/h7e/11036499836958.jpg,https://www.metro.ca/en/online-grocery/search-page-275
MELITTA,Espresso Ballacrema Coffee Beans,907 g,"$22.99
 ea.",,$2.53 /100g,,,https://product-images.metro.ca/images/h67/ha6/11893198454814.jpg,https://www.metro.ca/en/online-grocery/search-page-275
PERSONNELLE,Shampoo With Cicamide Protein,385 mL,"$2.99
 ea.",,$0.78 /100ml,"Regular price
$4.99  ea.","Valid until Feb 7, 2024",https://product-images.metro.ca/images/hcc/he9/11036432236574.jpg,https://www.metro.ca/en/online-grocery/search-page-275
CARRÉMENT TARTE,3" Round Lemon Tart,80 g,"4 / 
$14.00",,or $4.49 ea. $4.38 /100g,,"Valid until Jan 17, 2024",,https://www.metro.ca/en/online-grocery/search-page-275
MELITTA,Dark French Roast Coffee Beans,907 g,"$22.99
 ea.",,$2.53 /100g,,,https://product-images.metro.ca/images/h1d/h4e/11893165031454.jpg,https://www.metro.ca/en/online-grocery/search-page-275
IRRESISTIBLES,Frozen Exotic Fruits Mix,600 g,"3 / 
$12.99",,or $5.99 ea. $0.72 /100g,,"Valid until Feb 14, 2024",https://product-images.metro.ca/images/hef/haf/12175863644190.jpg,https://www.metro.ca/en/online-grocery/search-page-275
YOGOURMET,Yogurt Culture,18 g,"$3.99
 ea.",,$22.17 /100g,"Regular price
$4.79  ea.","Valid until Feb 14, 2024",https://product-images.metro.ca/images/ha9/h16/11590837665822.jpg,https://www.metro.ca/en/online-grocery/search-page-275
RED BULL,"Fig And Apple Flavoured Energizing Drink, Winter Edi...",4x250 mL,"$8.99
 ea.",,$3.60 /100ml,"Regular price
$11.49  ea.","Valid until Jan 24, 2024",,https://www.metro.ca/en/online-grocery/search-page-275
IRRESISTIBLES,Assorted Flavours Stirred Yogurts,16x100 g,"$8.09
 ea.",,$0.51 /100g,,,https://product-images.metro.ca/images/h87/hdd/11521958182942.jpg,https://www.metro.ca/en/online-grocery/search-page-275
FLOW,Blueberry And Peach Flavoured Alkaline Water,500 mL,"3 / 
$5.00",,$0.33 /100ml,"Regular price
$1.99  ea.","Valid until Feb 7, 2024",https://product-images.metro.ca/images/hbb/h6d/10968195989534.jpg,https://www.metro.ca/en/online-grocery/search-page-275
MELITTA,Colombia Altura Blend Coffee Beans,907 g,"$22.99
 ea.",,$2.53 /100g,,,https://product-images.metro.ca/images/h2c/hba/12175889399838.jpg,https://www.metro.ca/en/online-grocery/search-page-275
LIBERTÉ,"Raspberry And Pomegranate Flavoured Yogurt, Méditerr...",500 g,"$5.79
 ea.",,$1.16 /100g,,,,https://www.metro.ca/en/online-grocery/search-page-276
PERSONNELLE,Daily Moisture Renewal Conditioner,375 mL,"$2.99
 ea.",,$0.80 /100ml,"Regular price
$3.79  ea.","Valid until Feb 7, 2024",https://product-images.metro.ca/images/hc9/he7/11122241306654.jpg,https://www.metro.ca/en/online-grocery/search-page-276
CARBONAUT,Hot Dog Buns,288 g,"$9.79
 ea.",,$3.40 /100g,,,https://product-images.metro.ca/images/h0d/hca/12192129810462.jpg,https://www.metro.ca/en/online-grocery/search-page-276
ARCTIC GARDENS,Frozen Cut Spinach,500 g,"$5.49
 ea.",,$1.10 /100g,,,https://product-images.metro.ca/images/h2d/he2/11478041231390.jpg,https://www.metro.ca/en/online-grocery/search-page-276
WALLAROO TRAIL,Australian White Wine,4 L,"$48.49
 ea.",,$1.21 /100ml,,,https://product-images.metro.ca/images/h42/he8/11954626527262.jpg,https://www.metro.ca/en/online-grocery/search-page-276
BÙ,Italian Red Wine,750 mL,"$17.29
 ea.",,$2.31 /100ml,,,https://product-images.metro.ca/images/hb1/h8a/11916961120286.jpg,https://www.metro.ca/en/online-grocery/search-page-276
STEFANO,Plant-Based Sausage & Mushrooms Tomato Sauce,635 mL,"$8.49
 ea.",,$1.34 /100ml,"Regular price
$8.99  ea.","Valid until Jan 24, 2024",https://product-images.metro.ca/images/h13/h21/12354528641054.jpg,https://www.metro.ca/en/online-grocery/search-page-276
TWININGS,Raspberry Lemon Flavoured Herbal Tea,20 un,"$5.79
 ea.",,$0.29 /un.,,,https://product-images.metro.ca/images/h81/hb5/12102039601182.jpg,https://www.metro.ca/en/online-grocery/search-page-276
AGGA,Decaffeinato K-Cup® Coffee Capsule,16 un,"$9.99
 ea.",,$6.57 /100g,"Regular price
$10.99  ea.","Valid until Feb 7, 2024",,https://www.metro.ca/en/online-grocery/search-page-276
IRRESISTIBLES,Roasted Red Peppers Hummus,227 g,"$3.99
 ea.",,$1.76 /100g,,,https://product-images.metro.ca/images/hb2/h46/12175875735582.jpg,https://www.metro.ca/en/online-grocery/search-page-276
LIFE SMART,"Dates, Raisins And Almonds Muesli",450 g,"$4.49
 ea.",,$1.00 /100g,"Regular price
$5.29  ea.","Valid until Feb 7, 2024",https://product-images.metro.ca/images/h1d/h9e/11154138824734.jpg,https://www.metro.ca/en/online-grocery/search-page-276
IRRESISTIBLES,Roasted Garlic Hummus,227 g,"$3.99
 ea.",,$1.76 /100g,,,https://product-images.metro.ca/images/h1a/hcf/12175873212446.jpg,https://www.metro.ca/en/online-grocery/search-page-276
CRISCO,All-Vegetable Shortening,1.36 kg,"$12.99
 ea.",,$0.96 /100kg,,,https://product-images.metro.ca/images/h36/h28/10904257462302.jpg,https://www.metro.ca/en/online-grocery/search-page-276
STARBUCKS,Salted Caramel Flavoured Hot Chocolate,300 g,"$8.99
 ea.",,$3.00 /100g,"Regular price
$9.99  ea.","Valid until Feb 7, 2024",https://product-images.metro.ca/images/h94/h75/12266681892894.jpg,https://www.metro.ca/en/online-grocery/search-page-276
PILLSBURY,"Frozen Buffalo Style Chicken Pizza Bites, Pizza Bites",693 g,"$5.99
 ea.",,$0.86 /100g,"Regular price
$8.49  ea.","Valid until Feb 14, 2024",,https://www.metro.ca/en/online-grocery/search-page-276
MONSIEUR GUSTAV,Lactose-Free Garlic Raclette Cheese,150 g,"$8.00
 ea.",,$5.33 /100g,"Regular price
$8.49  ea.","Valid until Jan 10, 2024",https://product-images.metro.ca/images/h79/h28/11893129838622.jpg,https://www.metro.ca/en/online-grocery/search-page-276
IRRESISTIBLES,2% Peach Skyr Yogurt,4x100 g,"$2.99
 ea.",,$0.75 /100g,"Regular price
$4.19  ea.","Valid until Jan 10, 2024",https://product-images.metro.ca/images/hf0/hea/11521929674782.jpg,https://www.metro.ca/en/online-grocery/search-page-276
ARCTIC GARDENS,Frozen Vegetables For Stir-Fry,675 g,"$5.49
 ea.",,$0.81 /100g,,,https://product-images.metro.ca/images/h0b/hcb/11869992550430.jpg,https://www.metro.ca/en/online-grocery/search-page-276
RIVIERA,Plain Oat Based Vegan Yogurt,650 g,"$6.79
 ea.",,$1.04 /100g,,,https://product-images.metro.ca/images/hab/hc5/11103267291166.jpg,https://www.metro.ca/en/online-grocery/search-page-276
,Italian Bread,400 g,"$3.99
 ea.",,$1.00 /100g,"Regular price
$4.69  ea.","Valid until Jan 10, 2024",https://www.metro.ca/images/shared/placeholders/icon-no-picture.svg?v=2023.71.1.d1,https://www.metro.ca/en/online-grocery/search-page-276
BETTY CROCKER,"Chocolate Fudge Flavoured Cake Mix, SuperMoist",375 g,"$2.00
 ea.",,$0.53 /100g,"Regular price
$2.69  ea.","Valid until Feb 7, 2024",,https://www.metro.ca/en/online-grocery/search-page-276
ATTITUDE,"Orange Cardamom Scented Volumizing Conditioner Bar, ...",113 g,"$13.99
 ea.",,$12.38 /100g,"Regular price
$14.99  ea.","Valid until Feb 7, 2024",,https://www.metro.ca/en/online-grocery/search-page-276
PRINGLES,"Sour Cream & Onion Flavoured Potato Chip, Scorchin",156 g,"$3.99
 ea.",,$2.56 /100g,,,,https://www.metro.ca/en/online-grocery/search-page-276
IRRESISTIBLES,Tzatziki Dip,227 g,"$3.99
 ea.",,$1.76 /100g,,,https://product-images.metro.ca/images/hab/h6a/12175910076446.jpg,https://www.metro.ca/en/online-grocery/search-page-276
METROGO!,Italian And Bacon And Cheese Sausage Duo,6 per tray,"$10.57
 avg. ea.",(800 g avg.),$13.21 /kg$5.99 /lb.,,,https://product-images.metro.ca/images/h58/h38/11954579603486.jpg,https://www.metro.ca/en/online-grocery/search-page-276
PREMIÈRE MOISSON,Organic Old Fashioned Loaf,625 g,"$6.99
 ea.",,$1.12 /100g,,,https://product-images.metro.ca/images/h99/h4c/10265087377438.jpg,https://www.metro.ca/en/online-grocery/search-page-276
LE GLACIER BILBOQUET,Vanilla And Raspberry Flavoured Ice Cream,500 mL,"$4.99
 ea.",,$1.00 /100ml,"Regular price
$6.49  ea.","Valid until Feb 14, 2024",https://product-images.metro.ca/images/h86/h16/9927814807582.jpg,https://www.metro.ca/en/online-grocery/search-page-276
DIET COKE,Diet Soft Drink,8x300 mL - mini bottles,"$6.49
 ea.",,$0.27 /100ml,"Regular price
$6.99  ea.","Valid until Jan 24, 2024",https://product-images.metro.ca/images/hfd/h8e/12018817433630.jpg,https://www.metro.ca/en/online-grocery/search-page-276
COCA-COLA,Soft Drink,8x300 mL - mini bottles,"$6.49
 ea.",,$0.27 /100ml,"Regular price
$6.99  ea.","Valid until Jan 24, 2024",https://product-images.metro.ca/images/h06/hd0/12191785648158.jpg,https://www.metro.ca/en/online-grocery/search-page-276
SPRITE,"Lemon-Lime Flavoured Soft Drink, Zero",6x710 mL,"$6.99
 ea.",,$0.16 /100ml,,,,https://www.metro.ca/en/online-grocery/search-page-276
PERSONNELLE,Coriander And Olive Oil Scented Hand Soap,1 L,"$3.99
 ea.",,$0.40 /100ml,"Regular price
$4.99  ea.","Valid until Feb 7, 2024",https://product-images.metro.ca/images/h5a/h44/9289561702430.jpg,https://www.metro.ca/en/online-grocery/search-page-277
PERSONNELLE,Aloe Vera And Apple Scented Hand Soap,1 L,"$3.99
 ea.",,$0.40 /100ml,"Regular price
$4.99  ea.","Valid until Feb 7, 2024",https://product-images.metro.ca/images/ha8/hc6/10035784941598.jpg,https://www.metro.ca/en/online-grocery/search-page-277
COCA-COLA,"Soft Drink, Zero Sugar",8x300 mL - mini bottles,"$6.49
 ea.",,$0.27 /100ml,"Regular price
$6.99  ea.","Valid until Jan 24, 2024",,https://www.metro.ca/en/online-grocery/search-page-277
PERSONNELLE,Vanilla And Brazil Nut Scented Hand Soap,1 L,"$3.99
 ea.",,$0.40 /100ml,"Regular price
$4.99  ea.","Valid until Feb 7, 2024",https://product-images.metro.ca/images/had/h3b/9287783579678.jpg,https://www.metro.ca/en/online-grocery/search-page-277
PERSONNELLE,Coriander And Olive Oil Scented Hand Soap,350 ml,"$2.49
 ea.",,$0.71 /100ml,"Regular price
$2.99  ea.","Valid until Jan 10, 2024",https://product-images.metro.ca/images/h8c/hea/9200529342494.jpg,https://www.metro.ca/en/online-grocery/search-page-277
PERSONNELLE,Vanilla And Brazil Nut Scented Hand Soap,350 ml,"$2.49
 ea.",,$0.71 /100ml,"Regular price
$2.99  ea.","Valid until Jan 10, 2024",https://product-images.metro.ca/images/h89/h24/9200565977118.jpg,https://www.metro.ca/en/online-grocery/search-page-277
LINDT,"Raspberry Dark Chocolate Bar, Excellence",100 g,"$5.29
 ea.",,$5.29 /100g,,"Valid until Jan 10, 2024",,https://www.metro.ca/en/online-grocery/search-page-277
PERSONNELLE,Aloe Vera And Apple Scented Hand Soap,350 mL,"$2.49
 ea.",,$0.71 /100ml,"Regular price
$2.99  ea.","Valid until Jan 10, 2024",https://product-images.metro.ca/images/h90/h8f/9200605954078.jpg,https://www.metro.ca/en/online-grocery/search-page-277
CAFÉ WILLIAM,Ciao Bella Medium Roast Ground Coffee,340 g,"$10.99
 ea.",,$3.23 /100g,"Regular price
$12.49  ea.","Valid until Feb 7, 2024",https://product-images.metro.ca/images/hf1/hdd/11259057930270.jpg,https://www.metro.ca/en/online-grocery/search-page-277
CAFÉ WILLIAM,Buongiorno Light Roast Ground Coffee,340 g,"$10.99
 ea.",,$3.23 /100g,"Regular price
$12.49  ea.","Valid until Feb 7, 2024",https://product-images.metro.ca/images/hd0/h4c/10298859782174.jpg,https://www.metro.ca/en/online-grocery/search-page-277
CAFÉ WILLIAM,Organic Water Decaffeinated Zen Coffee Beans,650 g,"$23.49
 ea.",,$3.61 /100g,,,https://product-images.metro.ca/images/hf8/h99/11761604198430.jpg,https://www.metro.ca/en/online-grocery/search-page-277
CAFÉ WILLIAM,Organic Intenso Dark Roast K-Cup® Coffee Pods,12 un,"$12.49
 ea.",,$1.04 /un.,,,https://product-images.metro.ca/images/h72/h1c/10300157394974.jpg,https://www.metro.ca/en/online-grocery/search-page-277
CAFÉ WILLIAM,Organic Cremosa Medium Roast K-Cup® Coffee Pods,12 un,"$12.49
 ea.",,$1.04 /un.,,,https://product-images.metro.ca/images/hbf/h6a/11259056226334.jpg,https://www.metro.ca/en/online-grocery/search-page-277
CAFÉ WILLIAM,Organic Colombiano Light Roast K-Cup® Coffee Pods,12 un,"$12.49
 ea.",,$1.04 /un.,,,https://product-images.metro.ca/images/h50/hf3/10300161097758.jpg,https://www.metro.ca/en/online-grocery/search-page-277
SPRITE,Lemon And Lime Flavoured Sparkling Mini Cans Beverage,8x300 mL - mini bottles,"$6.49
 ea.",,$0.27 /100ml,"Regular price
$6.99  ea.","Valid until Jan 24, 2024",https://product-images.metro.ca/images/hba/h41/10495826493470.jpg,https://www.metro.ca/en/online-grocery/search-page-277
SWIFFER,"Super Extended Dusting Kit, 360° Dusters",1 un,"$19.99
 ea.",,$19.99 /un.,"Regular price
$21.99  ea.","Valid until Feb 7, 2024",,https://www.metro.ca/en/online-grocery/search-page-277
OATBOX,Banana And Chocolate Flavoured Oatmeal,300 g,"$6.49
 ea.",,$2.16 /100g,,,https://product-images.metro.ca/images/hde/h4c/10308082958366.jpg,https://www.metro.ca/en/online-grocery/search-page-277
BUBLY,Cherry Flavoured Sparkling Water,12x355 mL,"2 / 
$11.48",,or $6.49 ea. $0.13 /100ml,,"Valid until Feb 7, 2024",https://product-images.metro.ca/images/h83/h92/10135969890334.jpg,https://www.metro.ca/en/online-grocery/search-page-277
CANADA DRY,Ginger Ale,8x300 mL,"$6.49
 ea.",,$0.27 /100ml,"Regular price
$6.99  ea.","Valid until Jan 24, 2024",https://product-images.metro.ca/images/hb8/h9f/12018836799518.jpg,https://www.metro.ca/en/online-grocery/search-page-277
NATURE'S PATH,Organic Frosted Cherry And Pomegranate Toaster Pastries,312 g,"$5.49
 ea.",,$1.76 /100g,"Regular price
$5.99  ea.","Valid until Feb 7, 2024",https://product-images.metro.ca/images/h76/h97/9378993438750.jpg,https://www.metro.ca/en/online-grocery/search-page-277
FEBREZE,"Gain Scented Air Freshener, Air",2x250 g,"$8.99
 ea.",,$1.80 /100g,,,,https://www.metro.ca/en/online-grocery/search-page-277
MADEGOOD,"Cookie Crumble Flavoured Granola Bars, Chocolate Dri...",5x24 g,"$3.99
 ea.",,$3.32 /100g,"Regular price
$4.99  ea.","Valid until Feb 7, 2024",,https://www.metro.ca/en/online-grocery/search-page-277
MADEGOOD,"Vanilla Flavoured Granola Bars, Chocolate Drizzled",5x24 g,"$3.99
 ea.",,$3.32 /100g,"Regular price
$4.99  ea.","Valid until Feb 7, 2024",,https://www.metro.ca/en/online-grocery/search-page-277
CRISPERS,"Cheddar Flavoured Snack Mix, Bits-Bites",145 g,"2 / 
$6.00",,$2.07 /100g,"Regular price
$3.69  ea.","Valid until Jan 24, 2024",,https://www.metro.ca/en/online-grocery/search-page-277
PEPPERIDGE FARM,"Cheddar And Sour Cream Flavoured Crackers, Goldfish",180 g,"$3.49
 ea.",,$1.94 /100g,"Regular price
$4.19  ea.","Valid until Jan 10, 2024",,https://www.metro.ca/en/online-grocery/search-page-277
MCCORMICKS,"Organic Oregano Leaves, Gourmet",11 g,"$6.99
 ea.",,$63.55 /100g,"Regular price
$7.79  ea.","Valid until Feb 7, 2024",,https://www.metro.ca/en/online-grocery/search-page-277
MCCORMICKS,"Organic Crushed Cayenne Pepper, Gourmet",23 g,"$5.49
 ea.",,$23.87 /100g,,,,https://www.metro.ca/en/online-grocery/search-page-277
SARA LEE,"Party Cake Flavoured Muffins, Little Bites",234 g,"2 / 
$8.00",,or $5.29 ea. $1.71 /100g,,"Valid until Feb 7, 2024",,https://www.metro.ca/en/online-grocery/search-page-277
LIFE SMART,"Pecan Tart Flavoured Oatmeal, Naturalia",300 g,"$4.79
 ea.",,$1.60 /100g,"Regular price
$5.29  ea.","Valid until Feb 7, 2024",,https://www.metro.ca/en/online-grocery/search-page-277
LIFE SMART,"Blueberry, Chia And Coconut Oatmeal, Naturalia",300 g,"$4.79
 ea.",,$1.60 /100g,"Regular price
$5.29  ea.","Valid until Feb 7, 2024",,https://www.metro.ca/en/online-grocery/search-page-277
LIFE SMART,"Cranberry And Chia Oatmeal, Naturalia",300 g,"$4.79
 ea.",,$1.60 /100g,"Regular price
$5.29  ea.","Valid until Feb 7, 2024",,https://www.metro.ca/en/online-grocery/search-page-278
LIFE SMART,"Gluten Free Original Almond Beverage, Naturalia",946 mL,"5 / 
$10.00",,or $2.69 ea. $0.21 /100ml,"Regular price
$2.89  ea.","Valid until Feb 7, 2024",,https://www.metro.ca/en/online-grocery/search-page-278
LIFE SMART,"Seeds And Red Berries Granola Chewy Bars, Naturalia",150 g,"$3.49
 ea.",,$2.33 /100g,,,,https://www.metro.ca/en/online-grocery/search-page-278
CORONA EXTRA,"Light Mexican Lager Beer, Light",12x355 mL - cans,"$23.99
 ea.",,$0.56 /100ml,"Regular price
$25.99  ea.","Valid until Jan 10, 2024",,https://www.metro.ca/en/online-grocery/search-page-278
LIFE SMART,"Quick Oatmeal, Gluten Free",511 g,"$6.99
 ea.",,$1.37 /100g,"Regular price
$7.49  ea.","Valid until Feb 7, 2024",,https://www.metro.ca/en/online-grocery/search-page-278
EGGO,Cinnamon Flavoured Frozen French Toaster Sticks,270 g,"$3.99
 ea.",,$1.48 /100g,"Regular price
$4.79  ea.","Valid until Feb 14, 2024",https://product-images.metro.ca/images/hf6/h04/11274376511518.jpg,https://www.metro.ca/en/online-grocery/search-page-278
CARBONAUT,Gluten Free Frozen White Bread,550 g,"$11.29
 ea.",,$2.05 /100g,,,https://product-images.metro.ca/images/ha0/h09/11412659535902.jpg,https://www.metro.ca/en/online-grocery/search-page-278
TIDE,"Soft Lavender Scented Liquid Laundry Detergent, Zero",3.4 L,"$19.99
 ea.",,$0.59 /100ml,"Regular price
$21.99  ea.","Valid until Feb 7, 2024",,https://www.metro.ca/en/online-grocery/search-page-278
YOPLAIT,"Strawberry Flavoured 0% Yogurt Without Added Sugar, ...",630 g,"$3.33
 ea.",,$0.53 /100g,"Regular price
$4.79  ea.","Valid until Feb 14, 2024",,https://www.metro.ca/en/online-grocery/search-page-278
OIKOS,"Banana, Oat And Seeds Flavoured Drinkable Greek Yogurt",190 mL,"$2.39
 ea.",,$1.26 /100ml,,,https://product-images.metro.ca/images/he7/h20/10491849179166.jpg,https://www.metro.ca/en/online-grocery/search-page-278
OIKOS,"Berries, Oat And Seeds Flavoured Drinkable Greek Yog...",190 mL,"$2.39
 ea.",,$1.26 /100ml,,,,https://www.metro.ca/en/online-grocery/search-page-278
LIBERTÉ,"9% Blackberry Flavoured Yogurt, Méditerranée",500 g,"$5.79
 ea.",,$1.16 /100g,,,,https://www.metro.ca/en/online-grocery/search-page-278
SPONGE TOWELS,"Paper Towel, Ultra",2 un,"$5.99
 ea.",,$3.00 /un.,"Regular price
$6.29  ea.","Valid until Feb 7, 2024",,https://www.metro.ca/en/online-grocery/search-page-278
ASAHI SUPER DRY,Japanese Lager Beer,12x330 mL,"$22.99
 ea.",,$0.58 /100ml,"Regular price
$24.99  ea.","Valid until Jan 10, 2024",https://product-images.metro.ca/images/h61/h43/10124822937630.jpg,https://www.metro.ca/en/online-grocery/search-page-278
LIFE SMART,"Trail Mix And Dark Chocolate Chewy Granola Bars, Nat...",150 g,"$3.49
 ea.",,$2.33 /100g,,,,https://www.metro.ca/en/online-grocery/search-page-278
DION,Ground Rosemary,20 g,"$2.29
 ea.",,$11.45 /100g,"Regular price
$2.79  ea.","Valid until Feb 7, 2024",https://product-images.metro.ca/images/h5f/h23/10246514868254.jpg,https://www.metro.ca/en/online-grocery/search-page-278
OKA,Oka Raclette Cheese,1 piece,"$15.96
 avg. ea.",(400 g avg.),$39.90 /kg$18.10 /lb.,,,https://product-images.metro.ca/images/h15/ha4/10997891301406.jpg,https://www.metro.ca/en/online-grocery/search-page-278
NESCAFÉ,"Columbian Instant Coffee, Gold",95 g,"$8.99
 ea.",,$9.46 /100g,,,,https://www.metro.ca/en/online-grocery/search-page-278
HOSTESS,"Original Flavoured Potato Sticks, Hickory Sticks",275 g,"$4.99
 ea.",,$1.81 /100g,,,,https://www.metro.ca/en/online-grocery/search-page-278
DOVE,"Clean Comfort Body And Face Bar Soap, Men+Care",3x106 g,"$7.79
 ea.",,$2.45 /100g,,,,https://www.metro.ca/en/online-grocery/search-page-278
SELECTION,Smoked Turkey Breast,175 g,"$6.99
 ea.",,$3.99 /100g,,,https://product-images.metro.ca/images/h22/h01/10073866633246.jpg,https://www.metro.ca/en/online-grocery/search-page-278
QUAKER,"Raisin And Almond Granola Cereal, Harvest Crunch",510 g,"$6.49
 ea.",,$1.27 /100g,,,,https://www.metro.ca/en/online-grocery/search-page-278
NATURE VALLEY,"Peanut Butter Coated Peanut Chewy Granola Bars, Swee...",210 g,"2 / 
$7.00",,$1.67 /100g,"Regular price
$4.99  ea.","Valid until Feb 7, 2024",,https://www.metro.ca/en/online-grocery/search-page-278
ST. IVES,Citrus And Cherry Blossom Scented Energizing Body Wash,650 mL,"$8.49
 ea.",,$1.31 /100ml,,,https://product-images.metro.ca/images/h60/hc8/11094930653214.jpg,https://www.metro.ca/en/online-grocery/search-page-278
LE GRAND,Chimichurri Sauce,156 g,"$8.99
 ea.",,$5.76 /100g,,,https://product-images.metro.ca/images/hfb/h5b/9534787321886.jpg,https://www.metro.ca/en/online-grocery/search-page-278
SELECTION,Cooked Turkey Breast,175 g,"$6.99
 ea.",,$3.99 /100g,,,https://product-images.metro.ca/images/h1f/hf8/9536582582302.jpg,https://www.metro.ca/en/online-grocery/search-page-278
RUFFLES,Au Gratin Chips,200 g,"2 / 
$8.50",,or $4.99 ea. $2.13 /100g,,"Valid until Jan 24, 2024",https://product-images.metro.ca/images/h1d/hc0/12279492214814.jpg,https://www.metro.ca/en/online-grocery/search-page-278
DOVE,White Bar Soap,6x106 g,"$10.99
 ea.",,$1.73 /100g,"Regular price
$12.49  ea.","Valid until Feb 7, 2024",https://product-images.metro.ca/images/h74/h25/12279502077982.jpg,https://www.metro.ca/en/online-grocery/search-page-278
DOVE,"Extra Fresh Body And Face Bar Soap, Men+Care",6x106 g,"$10.99
 ea.",,$1.73 /100g,"Regular price
$12.49  ea.","Valid until Feb 7, 2024",,https://www.metro.ca/en/online-grocery/search-page-278
ATTITUDE,Phosphate Free Dishwasher Detergent Tablets,26 un,"$10.49
 ea.",,$0.40 /un.,"Regular price
$12.99  ea.","Valid until Feb 7, 2024",https://product-images.metro.ca/images/h13/h65/10269105651742.jpg,https://www.metro.ca/en/online-grocery/search-page-278
FINISH,All In 1 Max™ Lemon Scented Dishwasher Detergent Tab...,55 un,"$18.99
 ea.",,$0.35 /un.,,,,https://www.metro.ca/en/online-grocery/search-page-279
ATTITUDE,Citrus Zest Scented Daily Shower Cleaner,800 mL,"$6.29
 ea.",,$0.79 /100ml,,,https://product-images.metro.ca/images/hcc/h98/10236551790622.jpg,https://www.metro.ca/en/online-grocery/search-page-279
ATTITUDE,Citrus Zest Scented Kitchen Cleaner,800 mL,"$6.29
 ea.",,$0.79 /100ml,,,https://product-images.metro.ca/images/h57/h35/10236550905886.jpg,https://www.metro.ca/en/online-grocery/search-page-279
TOSTITOS,Hint Of Spicy Queso Flavoured Tortilla Chips,275 g,"2 / 
$8.50",,or $4.99 ea. $1.55 /100g,,"Valid until Jan 24, 2024",https://product-images.metro.ca/images/haf/h88/10529632878622.jpg,https://www.metro.ca/en/online-grocery/search-page-279
RUFFLES,Salt And Vinegar Chips,200 g,"2 / 
$8.50",,or $4.99 ea. $2.13 /100g,,"Valid until Jan 24, 2024",https://product-images.metro.ca/images/h35/h94/12279466721310.jpg,https://www.metro.ca/en/online-grocery/search-page-279
RED BULL,"Energy Drink, Blueberry",4X250 mL,"$8.99
 ea.",,$0.90 /100ml,"Regular price
$11.49  ea.","Valid until Jan 24, 2024",https://product-images.metro.ca/images/h5b/h31/11461882314782.jpg,https://www.metro.ca/en/online-grocery/search-page-279
FAVUZZI,Intense Extra Virgin Olive Oil,500 mL,"$23.99
 ea.",,$4.80 /100ml,,,https://product-images.metro.ca/images/h19/h48/9536748584990.jpg,https://www.metro.ca/en/online-grocery/search-page-279
SILK,Unsweetened Dairy-Free Plain Almond Based Yogurt Style,640 g,"$5.49
 ea.",,$0.86 /100g,"Regular price
$6.79  ea.","Valid until Feb 14, 2024",https://product-images.metro.ca/images/h6a/hb2/10300179972126.jpg,https://www.metro.ca/en/online-grocery/search-page-279
THE LAUGHING COW,Lactose Free Processed Cheese Spread,120 g,"$3.79
 ea.",,$3.16 /100g,"Regular price
$4.79  ea.","Valid until Jan 10, 2024",https://product-images.metro.ca/images/h05/h6d/10486635495454.jpg,https://www.metro.ca/en/online-grocery/search-page-279
BLACK DIAMOND,Pizza Mozarella Shredded Cheese,320 g,"$7.49
 ea.",,$2.34 /100g,"Regular price
$9.79  ea.","Valid until Jan 10, 2024",https://product-images.metro.ca/images/had/h4b/10715480031262.jpg,https://www.metro.ca/en/online-grocery/search-page-279
CANADA SAUCE,Ketchup,350 mL,"$5.99
 ea.",,$1.71 /100ml,,,https://product-images.metro.ca/images/hbb/he5/9536284721182.jpg,https://www.metro.ca/en/online-grocery/search-page-279
ST. IVES,Oatmeal And Shea Butter Scented Soothing Body Wash,650 mL,"$8.49
 ea.",,$1.31 /100ml,,,https://product-images.metro.ca/images/h21/h23/11094928392222.jpg,https://www.metro.ca/en/online-grocery/search-page-279
NATURE VALLEY,"Salted Caramel And Chocolate Flavoured Granola Bars,...",210 g,"2 / 
$7.00",,$1.67 /100g,"Regular price
$4.99  ea.","Valid until Feb 7, 2024",,https://www.metro.ca/en/online-grocery/search-page-279
ST. IVES,Coconut Water And Orchid Scented Hydrating Body Wash,650 mL,"$8.49
 ea.",,$1.31 /100ml,,,https://product-images.metro.ca/images/he5/hf1/11094930227230.jpg,https://www.metro.ca/en/online-grocery/search-page-279
DARE,"Caramel And Chocolate Flavoured Soft Cookies, Meteo",280 g,"$1.99
 ea.",,$0.71 /100g,"Regular price
$4.49  ea.","Valid until Jan 10, 2024",,https://www.metro.ca/en/online-grocery/search-page-279
DARE,"Chocolate Coated Graham Cookies, Normandie",280 g,"$1.99
 ea.",,$0.71 /100g,"Regular price
$4.49  ea.","Valid until Jan 10, 2024",,https://www.metro.ca/en/online-grocery/search-page-279
DARE,"Chocolate Coated Finger Cookies, Normandie",280 g,"$1.99
 ea.",,$0.71 /100g,"Regular price
$4.49  ea.","Valid until Jan 10, 2024",,https://www.metro.ca/en/online-grocery/search-page-279
NATURE VALLEY,"Almond Butter Coated Almond Chewy Granola Bars, Swee...",210 g,"2 / 
$7.00",,$1.67 /100g,"Regular price
$4.99  ea.","Valid until Feb 7, 2024",,https://www.metro.ca/en/online-grocery/search-page-279
NATURE VALLEY,"Cashew Butter Coated Cashew Chewy Granola Bars, Swee...",192 g,"2 / 
$7.00",,$1.82 /100g,"Regular price
$4.99  ea.","Valid until Feb 7, 2024",,https://www.metro.ca/en/online-grocery/search-page-279
DARE,"Strawberry And Chocolate Flavoured Soft Cookies, Meteo",280 g,"$1.99
 ea.",,$0.71 /100g,"Regular price
$4.49  ea.","Valid until Jan 10, 2024",,https://www.metro.ca/en/online-grocery/search-page-279
QUAKER,"Honey And Nuts Granola Cereal, Harvest Crunch",400 g,"$6.49
 ea.",,$1.62 /100g,,,,https://www.metro.ca/en/online-grocery/search-page-279
KRAFT,Extra Roasted Flavoured Bold Taste Peanut Butter,1 kg,"$7.99
 ea.",,$0.80 /100kg,"Regular price
$8.99  ea.","Valid until Feb 7, 2024",https://product-images.metro.ca/images/hba/hef/9987224961054.jpg,https://www.metro.ca/en/online-grocery/search-page-279
NESTLÉ,"Classic Chocolate Bar, Kit Kat",120 g,"$2.49
 ea.",,$2.07 /100g,"Regular price
$3.49  ea.","Valid until Jan 10, 2024",,https://www.metro.ca/en/online-grocery/search-page-279
NESTLÉ,"Cookie Crumble Flavoured Chocolate Bar, Kit Kat",120 g,"$2.49
 ea.",,$2.07 /100g,"Regular price
$3.49  ea.","Valid until Jan 10, 2024",,https://www.metro.ca/en/online-grocery/search-page-279
NESTLÉ,"Hazelnut Crunch Flavoured Chocolate Bar, Kit Kat",120 g,"$2.49
 ea.",,$2.07 /100g,"Regular price
$3.49  ea.","Valid until Jan 10, 2024",,https://www.metro.ca/en/online-grocery/search-page-279
AERO,"Black Forest Cake Flavoured Chocolate Bar, Truffle",105 g,"$2.49
 ea.",,$2.37 /100g,"Regular price
$3.49  ea.","Valid until Jan 10, 2024",,https://www.metro.ca/en/online-grocery/search-page-279
TRISCUIT,Tzatziki Flavoured Crackers,200 g,"$4.49
 ea.",,$2.25 /100g,,,https://product-images.metro.ca/images/hfd/hc6/11693844299806.jpg,https://www.metro.ca/en/online-grocery/search-page-279
DOVE,Mango And Almond Butter Bar Soap,3x106 g,"$7.79
 ea.",,$2.45 /100g,,,https://product-images.metro.ca/images/he6/h78/11716638015518.jpg,https://www.metro.ca/en/online-grocery/search-page-279
DOVE,Coconut Milk Bar Soap,3x106 g,"$7.79
 ea.",,$2.45 /100g,,,https://product-images.metro.ca/images/h96/h37/12018856886302.jpg,https://www.metro.ca/en/online-grocery/search-page-279
DOVE,"Deep Clean Dody And Face Bar Soap, Men+Care",3x106 g,"$7.79
 ea.",,$2.45 /100g,,,,https://www.metro.ca/en/online-grocery/search-page-279
OREO,Thin Dark Chocolate Flavoured Cream Sandwich Cookies,287 g,"$3.79
 ea.",,$1.32 /100g,"Regular price
$4.79  ea.","Valid until Jan 24, 2024",https://product-images.metro.ca/images/h62/ha5/10918287015966.jpg,https://www.metro.ca/en/online-grocery/search-page-280
RIVIERA,Vanilla Flavoured Coconut Milk Kefir,946 mL,"$6.79
 ea.",,$0.72 /100ml,,,https://product-images.metro.ca/images/hd5/hd8/11574215901214.jpg,https://www.metro.ca/en/online-grocery/search-page-280
BRISK,Peach Flavoured Iced Tea,710 mL,"$1.29
 ea.",,$0.18 /100ml,,,https://product-images.metro.ca/images/hf6/he6/10139447492638.jpg,https://www.metro.ca/en/online-grocery/search-page-280
PEACE TEA,"Peach Flavoured Iced Tea, Peachy Party",12x355 mL,"$8.99
 ea.",,$2.64 /100ml,,,,https://www.metro.ca/en/online-grocery/search-page-280
PEACE TEA,"Raspberry Flavoured Iced Tea, Razzleberry",12x341 mL,"$8.99
 ea.",,$2.64 /100ml,,,,https://www.metro.ca/en/online-grocery/search-page-280
LIFE SMART,"Organic Beef Broth, Naturalia",946 mL,"$3.49
 ea.",,$0.37 /100ml,"Regular price
$4.99  ea.","Valid until Jan 10, 2024",,https://www.metro.ca/en/online-grocery/search-page-280
MAISON ORPHÉE,Ranch Dressing,240 mL,"$5.29
 ea.",,$2.20 /100ml,,,https://product-images.metro.ca/images/h9c/h44/9870821163038.jpg,https://www.metro.ca/en/online-grocery/search-page-280
FIREBARNS,Memphis Barbecue Sauce,350 mL,"$6.99
 ea.",,$2.00 /100ml,,,https://product-images.metro.ca/images/h12/h7f/11883487330334.jpg,https://www.metro.ca/en/online-grocery/search-page-280
FIREBARNS,Chicken And Ribs Barbecue Sauce,350 mL,"$6.99
 ea.",,$2.00 /100ml,,,https://product-images.metro.ca/images/h6a/hac/11280267411486.jpg,https://www.metro.ca/en/online-grocery/search-page-280
FIREBARNS,Bourbon Bacon Barbecue Sauce,350 mL,"$6.99
 ea.",,$2.00 /100ml,,,https://product-images.metro.ca/images/h77/h87/9680560160798.jpg,https://www.metro.ca/en/online-grocery/search-page-280
MAGNUM,Sea Salt Caramel Flavoured Non-Dairy Ice Cream Bars,3x90 mL,"$7.99
 ea.",,$2.66 /un.,,,https://product-images.metro.ca/images/h69/h9f/10727390576670.jpg,https://www.metro.ca/en/online-grocery/search-page-280
ST. IVES,Vanilla And Oat Milk Body Wash,650 mL,"$8.49
 ea.",,$1.31 /100ml,,,https://product-images.metro.ca/images/hcc/h2a/11117403734046.jpg,https://www.metro.ca/en/online-grocery/search-page-280
MOUNTAIN DEW,Zero Sugar Soft Drink,12x355 mL,"$6.98
 ea.",,$1.97 /100ml,"Regular price
$7.99  ea.","Valid until Jan 10, 2024",https://product-images.metro.ca/images/h5e/h19/11614555537438.jpg,https://www.metro.ca/en/online-grocery/search-page-280
BECEL,Salt Free Margarine,850 g,"$7.99
 ea.",,$0.94 /100g,"Regular price
$9.79  ea.","Valid until Jan 10, 2024",https://product-images.metro.ca/images/hbf/h5d/10529636712478.jpg,https://www.metro.ca/en/online-grocery/search-page-280
EAGLE BRAND,Sweetened Condensed Milk,300 mL,"$3.99
 ea.",,$1.33 /100ml,"Regular price
$5.29  ea.","Valid until Feb 7, 2024",https://product-images.metro.ca/images/h2d/h8e/10518835462174.jpg,https://www.metro.ca/en/online-grocery/search-page-280
FEBREZE,"Sky Scented Air Freshener, Air",2x250 g,"$8.99
 ea.",,$1.80 /100g,,,,https://www.metro.ca/en/online-grocery/search-page-280
PERSONNELLE,Peppermint Flavoured Antibacterial Mouthwash,1 L,"$3.99
 ea.",,$0.40 /100ml,"Regular price
$5.99  ea.","Valid until Feb 7, 2024",https://product-images.metro.ca/images/hbd/h70/9244837904414.jpg,https://www.metro.ca/en/online-grocery/search-page-280
ROYALE,"2-Ply Bathroom Tissue, Velour",8x142 sheets,"$12.49
 ea.",,$1.56 /un.,,,,https://www.metro.ca/en/online-grocery/search-page-280
EARTH'S OWN,"Fortified Oat Beverage, Barista Edition",946 mL,"$6.99
 ea.",,$0.74 /100ml,,,,https://www.metro.ca/en/online-grocery/search-page-280
TWININGS,Pure Peppermint Herbal Tea,50 un,"$9.99
 ea.",,$0.20 /un.,"Regular price
$10.99  ea.","Valid until Feb 7, 2024",https://product-images.metro.ca/images/h72/h99/11669720530974.jpg,https://www.metro.ca/en/online-grocery/search-page-280
EARTH'S OWN,Fortified Vanilla Oat Beverage,946 mL,"4 / 
$10.00",,or $3.69 ea. $0.26 /100ml,,"Valid until Feb 7, 2024",https://product-images.metro.ca/images/hca/h47/11609671925790.jpg,https://www.metro.ca/en/online-grocery/search-page-280
OATBOX,Mixed Berry Flavoured Oatmeal,300 g,"$6.49
 ea.",,$2.16 /100g,,,https://product-images.metro.ca/images/hc5/ha4/10308082794526.jpg,https://www.metro.ca/en/online-grocery/search-page-280
OATBOX,Spiced Apple Flavoured Oatmeal,300 g,"$3.24
 ea.",,$1.08 /100g,"Regular price
$6.49  ea.","Valid until Jun 20, 2024",https://product-images.metro.ca/images/h37/h9f/10308083318814.jpg,https://www.metro.ca/en/online-grocery/search-page-280
MOLSON,"Light Lager Beer, Ultra",24x355 mL - cans,"$36.99
 ea.",,$0.43 /100ml,,,,https://www.metro.ca/en/online-grocery/search-page-280
BRASSEUR DE MONTRÉAL,"Assorted Beer Pack, Brewer'S Pick",12x355 mL - cans,"$23.99
 ea.",,$0.56 /100ml,,,,https://www.metro.ca/en/online-grocery/search-page-280
FRONT STREET BAKERY,"Authentic Italian Calabrese Bread, Baked In Store",200 g,"2 / 
$4.00",,$1.00 /100g,"Regular price
$2.69  ea.","Valid until Jan 10, 2024",,https://www.metro.ca/en/online-grocery/search-page-280
EARTH'S OWN,Original Flavour Fortified Oat Beverage,946 mL,"4 / 
$10.00",,or $3.69 ea. $0.26 /100ml,,"Valid until Feb 7, 2024",https://product-images.metro.ca/images/hd0/h1b/11609673596958.jpg,https://www.metro.ca/en/online-grocery/search-page-280
MOLSON,"Light Lager Beer, Ultra",12x355 mL - cans,"$23.99
 ea.",,$0.56 /100ml,,,,https://www.metro.ca/en/online-grocery/search-page-280
CAFÉ WILLIAM,Ciao Bella Medium Roast Ground Coffee,700 g,"$20.49
 ea.",,$2.93 /100g,,,https://product-images.metro.ca/images/hd4/h29/11244030885918.jpg,https://www.metro.ca/en/online-grocery/search-page-280
AIR WICK,"Maui Sweet Mango Scented Air Freshener, Beach Escapes",175 g,"$8.79
 ea.",,$5.02 /100g,,,,https://www.metro.ca/en/online-grocery/search-page-281
MR. CLEAN,"Lemon Scented Multi Purpose Cleaner Spray, Clean Freak",473 mL,"$6.79
 ea.",,$1.44 /100ml,"Regular price
$7.99  ea.","Valid until Feb 7, 2024",,https://www.metro.ca/en/online-grocery/search-page-281
GLAD,Unscented Long White Garbage Bags,60 un,"$13.49
 ea.",,$0.22 /un.,,,https://product-images.metro.ca/images/hb2/h49/11714331836446.jpg,https://www.metro.ca/en/online-grocery/search-page-281
STARBUCKS,Pike Place® Medium Roast Ground Coffee,793 g,"$19.99
 ea.",,$2.52 /100g,"Regular price
$24.49  ea.","Valid until Feb 7, 2024",https://product-images.metro.ca/images/hfe/hf3/12266554490910.jpg,https://www.metro.ca/en/online-grocery/search-page-281
STARBUCKS,Verona® Dark Roast Ground Coffee,793 g,"$19.99
 ea.",,$2.52 /100g,"Regular price
$24.49  ea.","Valid until Feb 7, 2024",https://product-images.metro.ca/images/h20/hfb/12266552721438.jpg,https://www.metro.ca/en/online-grocery/search-page-281
STARBUCKS,True North® Blend Blonde Roast Ground Coffee,793 g,"$19.99
 ea.",,$2.52 /100g,"Regular price
$24.49  ea.","Valid until Feb 7, 2024",https://product-images.metro.ca/images/hff/h73/12266554458142.jpg,https://www.metro.ca/en/online-grocery/search-page-281
MAGNUM,Non-Dairy Almond Ice Bar,3x90 mL,"$7.99
 ea.",,$2.96 /100ml,,,https://product-images.metro.ca/images/h94/h5b/10727379337246.jpg,https://www.metro.ca/en/online-grocery/search-page-281
EARTH'S OWN,"Chocolate Flavoured Fortified Oat Beverage, Fair Trade",1.75 L,"$5.29
 ea.",,$0.30 /100ml,,,,https://www.metro.ca/en/online-grocery/search-page-281
SILK,Original Flavour Organic Soy Plant-Based Beverage,946 mL,"$3.39
 ea.",,$0.36 /100ml,,,https://product-images.metro.ca/images/hba/hcb/12210205196318.jpg,https://www.metro.ca/en/online-grocery/search-page-281
LINDT,"Almond Sea Salt Dark Chocolate Bar, Swiss Classic",150 g,"$5.49
 ea.",,$3.66 /100g,"Regular price
$7.49  ea.","Valid until Jan 10, 2024",,https://www.metro.ca/en/online-grocery/search-page-281
LINDT,"Hazelnut Milk Chocolate Bar, Swiss Classic",150 g,"$5.49
 ea.",,$3.66 /100g,"Regular price
$7.49  ea.","Valid until Jan 10, 2024",,https://www.metro.ca/en/online-grocery/search-page-281
LINDT,"Hazelnut And Caramel Milk Chocolate Bar, Swiss Classic",150 g,"$5.49
 ea.",,$3.66 /100g,"Regular price
$7.49  ea.","Valid until Jan 10, 2024",,https://www.metro.ca/en/online-grocery/search-page-281
LINDT,"Hazelnut Dark Chocolate Bar, Swiss Classic",150 g,"$5.49
 ea.",,$3.66 /100g,"Regular price
$7.49  ea.","Valid until Jan 10, 2024",,https://www.metro.ca/en/online-grocery/search-page-281
CIDRERIE LACROIX,"Lot 300 Rosé Sparkling Cider, Lot 300",473 mL,"$4.49
 ea.",,$0.95 /100ml,,,,https://www.metro.ca/en/online-grocery/search-page-281
CIDRERIE LACROIX,"Sparkling Cider, Lot 300",473 mL,"$4.49
 ea.",,$0.95 /100ml,,,,https://www.metro.ca/en/online-grocery/search-page-281
METROGO!,"Marinatd Chicken Skewers With Vegetables, Value Pack",4 kabobs per tray,"$25.44
 avg. ea.","(1,100 g avg.)",$23.13 /kg$10.49 /lb.,"Regular price
$24.89  avg. kg","Valid until Jan 10, 2024",,https://www.metro.ca/en/online-grocery/search-page-281
METROGO!,"Seasoned Beef Skewers, Value Pack",4 skewers per tray,"$25.44
 avg. ea.","(1,100 g avg.)",$23.13 /kg$10.49 /lb.,"Regular price
$24.89  avg. kg","Valid until Jan 10, 2024",,https://www.metro.ca/en/online-grocery/search-page-281
OATBOX,Triple Dark Chocolate Granola Cereals,300 g,"$6.49
 ea.",,$2.16 /100g,,,https://product-images.metro.ca/images/h3a/h58/10308081287198.jpg,https://www.metro.ca/en/online-grocery/search-page-281
METROGO!,"Seasoned Pork Tenderloins, Value Pack",,"$8.80
 avg. ea.","(1,000 g avg.)",$8.80 /kg$3.99 /lb.,"Regular price
$18.72  avg. kg","Valid until Jan 10, 2024",,https://www.metro.ca/en/online-grocery/search-page-281
OLIVIERI,Mushroom Ravioli,500 g,"$11.49
 ea.",,$2.30 /100g,,,https://product-images.metro.ca/images/h83/hb4/10727379533854.jpg,https://www.metro.ca/en/online-grocery/search-page-281
GENERAL MILLS,"Peanut Butter And Cocoa Flavoured Cereal Bars, Reese...",120 g,"2 / 
$6.00",,or $3.99 ea. $2.50 /100g,,"Valid until Feb 7, 2024",,https://www.metro.ca/en/online-grocery/search-page-281
KELLOGG'S,"Fruit Granola Cereals, Bear Naked",340 g,"$4.49
 ea.",,$1.32 /100g,"Regular price
$7.29  ea.","Valid until Jan 10, 2024",,https://www.metro.ca/en/online-grocery/search-page-281
KELLOGG'S,"Maple Pecan Granola Cereals, Bear Naked",340 g,"$4.49
 ea.",,$1.32 /100g,"Regular price
$7.29  ea.","Valid until Jan 10, 2024",,https://www.metro.ca/en/online-grocery/search-page-281
,Local Dill,1 un,"$2.99
 ea.",,$2.99 /un.,,,https://product-images.metro.ca/images/h19/h24/10444528025630.jpg,https://www.metro.ca/en/online-grocery/search-page-281
M'LORD,Sliced Mango In A Light Syrup,398 mL,"$3.29
 ea.",,$0.83 /100ml,"Regular price
$3.99  ea.","Valid until Feb 7, 2024",https://product-images.metro.ca/images/h2f/h59/11521479344158.jpg,https://www.metro.ca/en/online-grocery/search-page-281
CORE POWER,Vanilla Flavoured Lactose Free Protein Milk Shake,414 mL,"2 / 
$7.00",,$0.85 /100ml,"Regular price
$4.59  ea.","Valid until Jan 24, 2024",https://product-images.metro.ca/images/h8d/h95/12191801835550.jpg,https://www.metro.ca/en/online-grocery/search-page-281
CORE POWER,Chocolate High Protein Lactose Free Milkshake,414 mL,"2 / 
$7.00",,$0.85 /100ml,"Regular price
$4.59  ea.","Valid until Jan 24, 2024",https://product-images.metro.ca/images/h76/hd9/12191801049118.jpg,https://www.metro.ca/en/online-grocery/search-page-281
SILK,Dairy-Free Vanilla Flavoured Almond Based Yogurt Style,640g,"$5.49
 ea.",,$0.86 /100g,"Regular price
$6.79  ea.","Valid until Feb 14, 2024",https://product-images.metro.ca/images/h81/h7c/10491765686302.jpg,https://www.metro.ca/en/online-grocery/search-page-281
RISE KOMBUCHA,Organic Lychee And Jasmine Sparkling Fermented Beverage,414 mL,"$3.69
 ea.",,$0.89 /100ml,"Regular price
$4.29  ea.","Valid until Feb 14, 2024",https://product-images.metro.ca/images/h3d/h3b/11374901231646.jpg,https://www.metro.ca/en/online-grocery/search-page-281
IRRESISTIBLES,"Frozen Margherita Pizza On Cauliflower Crust, Naturalia",330 g,"$8.49
 ea.",,$2.57 /100g,"Regular price
$9.49  ea.","Valid until Feb 14, 2024",,https://www.metro.ca/en/online-grocery/search-page-281
RIVIERA,Raspberry And Blackcurrant Flavoured Vegan Yogurt,4x120 g,"$6.79
 ea.",,$1.41 /100g,,,https://product-images.metro.ca/images/h1b/hdf/11574186606622.jpg,https://www.metro.ca/en/online-grocery/search-page-282
IRRESISTIBLES,"Frozen Spinach Alfredo On Cauliflower Crust Pizza, N...",330 g,"$8.49
 ea.",,$2.57 /100g,"Regular price
$9.49  ea.","Valid until Feb 14, 2024",,https://www.metro.ca/en/online-grocery/search-page-282
KINGSFORD,Charcoal Briquettes,3.62 kg,"$9.49
 ea.",,$0.26 /100g,,,https://product-images.metro.ca/images/h75/h1d/11574219309086.jpg,https://www.metro.ca/en/online-grocery/search-page-282
BONNE MAMAN,Apricot Jam,290 mL,"$7.99
 ea.",,$2.76 /100ml,,,https://product-images.metro.ca/images/h1f/h0e/10184327135262.jpg,https://www.metro.ca/en/online-grocery/search-page-282
IRRESISTIBLES,Fleur De Sel,125 g,"$7.49
 ea.",,$5.99 /100g,,,https://product-images.metro.ca/images/ha6/h79/9647862218782.jpg,https://www.metro.ca/en/online-grocery/search-page-282
BONNE MAMAN,Strawberry Jam,290 mL,"$7.99
 ea.",,$2.76 /100ml,,,https://product-images.metro.ca/images/hc2/h3c/10184330805278.jpg,https://www.metro.ca/en/online-grocery/search-page-282
RESOLVE,"Coloured Fabric Stain Remover, Oxi-Action",625 g,"$6.99
 ea.",,$1.12 /100g,"Regular price
$8.29  ea.","Valid until Feb 7, 2024",,https://www.metro.ca/en/online-grocery/search-page-282
ROBIN HOOD,Gluten Free Almond Flour,500 g,"$18.99
 ea.",,$3.80 /100g,,,https://product-images.metro.ca/images/h28/hde/11735224877086.jpg,https://www.metro.ca/en/online-grocery/search-page-282
OATBOX,Organic Blueberry Oat Bars,5x24 g,"$4.79
 ea.",,$3.99 /100g,,,https://product-images.metro.ca/images/h0b/h1a/11761657020446.jpg,https://www.metro.ca/en/online-grocery/search-page-282
TRADITIONAL MEDICINALS,Ginger Aid Organic Tea Bag,16 un,"$6.29
 ea.",,$0.39 /un.,,,https://product-images.metro.ca/images/h12/h7e/11571054510110.jpg,https://www.metro.ca/en/online-grocery/search-page-282
MCCORMICKS,"Organic White Pepper Spice, Gourmet",40 g,"$6.99
 ea.",,$17.48 /100g,"Regular price
$7.79  ea.","Valid until Feb 7, 2024",,https://www.metro.ca/en/online-grocery/search-page-282
FROMAGERIE RANG 9,"Lactose-Free Semi-Soft Surface Ripened Cheese, Le Lo...",150 g,"$8.00
 ea.",,$5.33 /100g,"Regular price
$8.99  ea.","Valid until Jan 10, 2024",,https://www.metro.ca/en/online-grocery/search-page-282
BRASSEUR DE MONTRÉAL,"Blonde Ale Beer, Griffintown",12x355 mL - cans,"$23.99
 ea.",,$0.56 /100ml,,,,https://www.metro.ca/en/online-grocery/search-page-282
BLACK DIAMOND,"Marbelicious Cheese Sticks, Cheestrings Ficello",252 g,"$7.99
 ea.",,$3.17 /100g,"Regular price
$8.79  ea.","Valid until Feb 14, 2024",,https://www.metro.ca/en/online-grocery/search-page-282
RESOLVE,"White Fabric Stain Remover, Oxi-Action",1.35 kg,"$13.99
 ea.",,$1.04 /100g,,,,https://www.metro.ca/en/online-grocery/search-page-282
STONEFIRE,Organic Thin Pizza Crust,460 g,"$5.99
 ea.",,$1.30 /100g,"Regular price
$6.99  ea.","Valid until Jan 10, 2024",https://product-images.metro.ca/images/he4/h62/10322922504222.jpg,https://www.metro.ca/en/online-grocery/search-page-282
POUTINE DAY EVERY DAY,Frozen Poutine,410 g,"$7.49
 ea.",,$1.83 /100g,,,https://product-images.metro.ca/images/hcf/h5c/11412663435294.jpg,https://www.metro.ca/en/online-grocery/search-page-282
BEN'S ORIGINAL,"Coconut Flavoured Jasmine Rice, Bistro Express",240 g,"3 / 
$10.99",,$1.53 /100g,"Regular price
$4.49  ea.","Valid until Jan 24, 2024",,https://www.metro.ca/en/online-grocery/search-page-282
BEN'S ORIGINAL,Roasted Chicken Flavoured Long Grain Rice With Wild ...,250 g,"3 / 
$10.99",,$1.47 /100g,"Regular price
$4.49  ea.","Valid until Jan 24, 2024",,https://www.metro.ca/en/online-grocery/search-page-282
FERMA FOOD PRODUCTS,Frozen Mackerel,750 g,"$5.99
 ea.",,$0.80 /100g,,,https://product-images.metro.ca/images/hc9/h2f/9452796805150.jpg,https://www.metro.ca/en/online-grocery/search-page-282
BEN'S ORIGINAL,"Rice Pilaf, Bistro Express",250 g,"3 / 
$10.99",,$1.47 /100g,"Regular price
$4.49  ea.","Valid until Jan 24, 2024",,https://www.metro.ca/en/online-grocery/search-page-282
IRRESISTIBLES,Maple Butter,260 g,"$9.29
 ea.",,$3.57 /100g,,,https://product-images.metro.ca/images/h66/h2f/9454036844574.jpg,https://www.metro.ca/en/online-grocery/search-page-282
P'TIT QUÉBEC,Very Mild Yellow Cheddar Cheese,400 g,"$7.49
 ea.",,$1.87 /100g,,,https://product-images.metro.ca/images/hac/hd9/9751231463454.jpg,https://www.metro.ca/en/online-grocery/search-page-282
RISE KOMBUCHA,Organic Mango And Papaya Sparkling Fermented Beverage,414 mL,"$3.69
 ea.",,$0.89 /100ml,"Regular price
$4.29  ea.","Valid until Feb 14, 2024",https://product-images.metro.ca/images/h25/h34/11161770328094.jpg,https://www.metro.ca/en/online-grocery/search-page-282
LYSOL,Spring Waterfall Scented Disinfecting Wipes,30 un,"$3.49
 ea.",,$0.12 /un.,,,https://product-images.metro.ca/images/hd1/hc0/10153067446302.jpg,https://www.metro.ca/en/online-grocery/search-page-282
SLEEMAN,"Amber Lager Beer, Honey Brown",12x355 mL,"$22.99
 ea.",,$0.54 /100ml,,,,https://www.metro.ca/en/online-grocery/search-page-282
COLGATE,"Antiseptic Mouthwash, Peroxyl",237 mL,"$9.49
 ea.",,$4.00 /100ml,,,,https://www.metro.ca/en/online-grocery/search-page-282
BEN'S ORIGINAL,Olive Oil And Roasted Garlic Flavoured Rice With Wil...,365 g,"$5.99
 ea.",,$1.64 /100g,,,,https://www.metro.ca/en/online-grocery/search-page-282
P'TIT QUÉBEC,Mozzarella Cheese Slices,240 g,"$5.69
 ea.",,$2.37 /100g,"Regular price
$7.49  ea.","Valid until Jan 10, 2024",https://product-images.metro.ca/images/h73/h37/9973678669854.jpg,https://www.metro.ca/en/online-grocery/search-page-282
BEN'S ORIGINAL,"Broccoli And Cheddar Flavoured Rice, Bistro Express",240 g,"3 / 
$10.99",,$1.53 /100g,"Regular price
$4.49  ea.","Valid until Jan 24, 2024",,https://www.metro.ca/en/online-grocery/search-page-282
ARCHIBALD,"Strong IPA Beer, La Ciboire",12x355 mL,"$23.99
 ea.",,$0.56 /100ml,,,,https://www.metro.ca/en/online-grocery/search-page-283
BEN'S ORIGINAL,"Roasted Chicken Flavoured Wholegrain Brown Rice, Bis...",250 g,"3 / 
$10.99",,$1.47 /100g,"Regular price
$4.49  ea.","Valid until Jan 24, 2024",,https://www.metro.ca/en/online-grocery/search-page-283
KRONENBOURG 1664,French Lager Beer,12x330 mL - cans,"$22.99
 ea.",,$0.58 /100ml,"Regular price
$25.99  ea.","Valid until Jan 10, 2024",https://product-images.metro.ca/images/hd2/h1b/10184315437086.jpg,https://www.metro.ca/en/online-grocery/search-page-283
BEN'S ORIGINAL,"Cilantro And Lime Flavoured Basmati Rice, Bistro Exp...",240 g,"3 / 
$10.99",,$1.53 /100g,"Regular price
$4.49  ea.","Valid until Jan 24, 2024",,https://www.metro.ca/en/online-grocery/search-page-283
CARLSBERG,Danish Pilsner Beer,12x330 mL - cans,"$22.99
 ea.",,$0.58 /100ml,"Regular price
$25.99  ea.","Valid until Jan 10, 2024",https://product-images.metro.ca/images/hf8/h1d/10244313546782.jpg,https://www.metro.ca/en/online-grocery/search-page-283
METROGO!,Carrot And Cranberry Salad,,"$4.48
 avg. ea.",(225 g avg.),$19.90 /kg$9.03 /lb.,,,https://product-images.metro.ca/images/h51/h83/11926784245790.jpg,https://www.metro.ca/en/online-grocery/search-page-283
COLGATE,"Icy Fresh Toothpaste, Optic White",73 mL,"$6.99
 ea.",,$9.58 /100ml,,,,https://www.metro.ca/en/online-grocery/search-page-283
P'TIT QUÉBEC,Very Mild Cheddar Cheese Snacks,168 g,"$6.99
 ea.",,$4.16 /100g,,,https://product-images.metro.ca/images/h56/h0c/9858175467550.jpg,https://www.metro.ca/en/online-grocery/search-page-283
P'TIT QUÉBEC,Light Very Mild Cheddar Cheese,400 g,"$7.49
 ea.",,$1.87 /100g,,,https://product-images.metro.ca/images/h4e/he3/9751225630750.jpg,https://www.metro.ca/en/online-grocery/search-page-283
P'TIT QUÉBEC,Marble Cheddar Cheese,400 g,"$7.49
 ea.",,$1.87 /100g,,,https://product-images.metro.ca/images/h60/hd8/11574222061598.jpg,https://www.metro.ca/en/online-grocery/search-page-283
RISE KOMBUCHA,Lime And Matcha Flavoured Kombucha,414 mL,"$3.69
 ea.",,$0.89 /100ml,"Regular price
$4.29  ea.","Valid until Feb 14, 2024",https://product-images.metro.ca/images/h53/hb7/11205125996574.jpg,https://www.metro.ca/en/online-grocery/search-page-283
IRRESISTIBLES,Sausage Rolls With Dijon Mustard,360 g,"$7.99
 ea.",,$2.22 /100g,,,https://product-images.metro.ca/images/hd7/hf3/11521707212830.jpg,https://www.metro.ca/en/online-grocery/search-page-283
SELECTION,Lemon Scented Dishwashing Detergent,800 mL,"$1.79
 ea.",,$0.22 /100ml,"Regular price
$1.99  ea.","Valid until Jan 10, 2024",https://product-images.metro.ca/images/hcc/h05/10823255425054.jpg,https://www.metro.ca/en/online-grocery/search-page-283
MICROBRASSERIE LE BOCKALE,Raspberry And Kombucha Flavoured Non-Alcoholic Sour ...,473 mL - can,"$4.49
 ea.",,$0.95 /100ml,,,,https://www.metro.ca/en/online-grocery/search-page-283
MICROBRASSERIE LE BOCKALE,Lychee And Clementine Flavoured Non-Alcoholic White ...,473 mL - can,"$4.29
 ea.",,$0.91 /100ml,,,,https://www.metro.ca/en/online-grocery/search-page-283
MICROBRASSERIE LE BOCKALE,"Non-Alcoholic Amber Ale, Perseverance",473 mL,"$4.29
 ea.",,$0.91 /100ml,,,,https://www.metro.ca/en/online-grocery/search-page-283
BEAR BONE,Organic Sweet Potato Dog Biscuits,56.7 g,"$2.79
 ea.",,$4.92 /100g,,,https://product-images.metro.ca/images/h6f/h83/11292850028574.jpg,https://www.metro.ca/en/online-grocery/search-page-283
BEAR BONE,Organic Gluten Free Bacon Dog Biscuits,56.7 g,"$2.79
 ea.",,$4.92 /100g,,,https://product-images.metro.ca/images/hf5/hac/11292850454558.jpg,https://www.metro.ca/en/online-grocery/search-page-283
STARBUCKS,Creamy Vanilla Nespresso Vertuo Coffee Capsule,8 un,"$11.49
 ea.",,$11.49 /100g,,,https://product-images.metro.ca/images/h8d/h2c/12266670456862.jpg,https://www.metro.ca/en/online-grocery/search-page-283
STARBUCKS,Smooth Caramel Nespresso Vertuo Coffee Capsule,8 un,"$11.49
 ea.",,$11.49 /100g,,,https://product-images.metro.ca/images/h54/ha2/12266681663518.jpg,https://www.metro.ca/en/online-grocery/search-page-283
SQUISH,Vegan Sour Rainbow Bears Candy,120 g,"$6.99
 ea.",,$5.82 /100g,"Regular price
$7.99  ea.","Valid until Jan 24, 2024",https://www.metro.ca/images/shared/placeholders/icon-no-picture.svg?v=2023.71.1.d1,https://www.metro.ca/en/online-grocery/search-page-283
SQUISH,Unicorn Love Candy,120 g,"$6.99
 ea.",,$5.82 /100g,"Regular price
$7.99  ea.","Valid until Jan 24, 2024",https://www.metro.ca/images/shared/placeholders/icon-no-picture.svg?v=2023.71.1.d1,https://www.metro.ca/en/online-grocery/search-page-283
SQUISH,Vegan Cherry Watermelon Candy,120 g,"$6.99
 ea.",,$5.82 /100g,"Regular price
$7.99  ea.","Valid until Jan 24, 2024",https://www.metro.ca/images/shared/placeholders/icon-no-picture.svg?v=2023.71.1.d1,https://www.metro.ca/en/online-grocery/search-page-283
SQUISH,Mango And Maracuja Candy,120 g,"$6.99
 ea.",,$5.82 /100g,"Regular price
$7.99  ea.","Valid until Jan 24, 2024",https://www.metro.ca/images/shared/placeholders/icon-no-picture.svg?v=2023.71.1.d1,https://www.metro.ca/en/online-grocery/search-page-283
,Rosa Bella Onions,2 lb,"$4.99
 ea.",,$0.55 /100g,,,https://product-images.metro.ca/images/hae/hfb/10263502979102.jpg,https://www.metro.ca/en/online-grocery/search-page-283
VERGER HEMMINGFORD,Raspberry Flavoured Cider,4x355 mL,"$11.99
 ea.",,$0.84 /100ml,,,https://product-images.metro.ca/images/h0f/h26/10184199766046.jpg,https://www.metro.ca/en/online-grocery/search-page-283
VERGER HEMMINGFORD,Original Cider,4x355 mL,"$11.99
 ea.",,$0.84 /100ml,,,https://product-images.metro.ca/images/h8a/h94/10184199372830.jpg,https://www.metro.ca/en/online-grocery/search-page-283
MARY'S ORGANIC CRACKERS,"Sea Salt Flavoured Organic Gluten Free Crackers, Thi...",142 g,"$6.29
 ea.",,$4.43 /100g,"Regular price
$7.99  ea.","Valid until Jan 24, 2024",,https://www.metro.ca/en/online-grocery/search-page-283
CARAMELS F.A.A.,Maple Flavoured Caramel Spread,250 mL,"$9.99
 ea.",,$4.00 /100ml,,,https://product-images.metro.ca/images/h95/hd7/11849517858846.jpg,https://www.metro.ca/en/online-grocery/search-page-283
CARAMELS F.A.A.,Original Caramel Spread,250 mL,"$9.99
 ea.",,$4.00 /100ml,,,https://product-images.metro.ca/images/h23/h38/11849501769758.jpg,https://www.metro.ca/en/online-grocery/search-page-283
CARAMELS F.A.A.,Fleur De Sel Caramel Spread,250 mL,"$9.99
 ea.",,$4.00 /100ml,,,https://product-images.metro.ca/images/h7e/h10/11849518022686.jpg,https://www.metro.ca/en/online-grocery/search-page-284
CARAMELS F.A.A.,Assorted Flavors Spread Discovery Box,1 un,"$13.99
 ea.",,$13.99 /un.,,,https://product-images.metro.ca/images/h96/h9d/11849665347614.jpg,https://www.metro.ca/en/online-grocery/search-page-284
MINA,Lamb And Beef Moroccan Tagine Sauce,327 mL,"$7.99
 ea.",,$2.44 /100ml,"Regular price
$9.29  ea.","Valid until Jan 24, 2024",https://product-images.metro.ca/images/h02/h52/9644950192158.jpg,https://www.metro.ca/en/online-grocery/search-page-284
MINA,Chicken Moroccan Tagine Cooking Sauce,327 mL,"$7.99
 ea.",,$2.44 /100ml,"Regular price
$9.29  ea.","Valid until Jan 24, 2024",https://product-images.metro.ca/images/h82/hed/9644884459550.jpg,https://www.metro.ca/en/online-grocery/search-page-284
MINA,Fish Moroccan Tagine Sauce,327 mL,"$7.99
 ea.",,$2.44 /100ml,"Regular price
$9.29  ea.","Valid until Jan 24, 2024",https://product-images.metro.ca/images/h53/ha0/9644902744094.jpg,https://www.metro.ca/en/online-grocery/search-page-284
MARY'S ORGANIC CRACKERS,Organic Olive Oil And Black Pepper Flavoured Cracker...,142 g,"$6.29
 ea.",,$4.43 /100g,"Regular price
$7.99  ea.","Valid until Jan 24, 2024",,https://www.metro.ca/en/online-grocery/search-page-284
MINA,Extra Virgin Moroccan Olive Oil,1 L,"$22.49
 ea.",,$2.25 /100ml,,,https://product-images.metro.ca/images/h32/hd2/10454980263966.jpg,https://www.metro.ca/en/online-grocery/search-page-284
MINA,Extra Virgin Moroccan Olive Oil,500 mL,"$11.99
 ea.",,$2.40 /100ml,,,https://product-images.metro.ca/images/h93/h87/10454893690910.jpg,https://www.metro.ca/en/online-grocery/search-page-284
CARAMELS F.A.A.,Pear And White Chocolate Spread,315 g,"$9.99
 ea.",,$3.17 /100g,,,https://product-images.metro.ca/images/hef/h68/11849556721694.jpg,https://www.metro.ca/en/online-grocery/search-page-284
MINA,Pitted Moroccan Green Olives,350 mL,"$3.99
 ea.",,$1.14 /100ml,"Regular price
$4.49  ea.","Valid until Jan 24, 2024",https://product-images.metro.ca/images/h03/h29/11351935025182.jpg,https://www.metro.ca/en/online-grocery/search-page-284
MINA,Moroccan Dry Cured Black Olives,200 mL,"$3.99
 ea.",,$2.00 /100ml,"Regular price
$4.49  ea.","Valid until Jan 24, 2024",https://product-images.metro.ca/images/h12/h71/11351972544542.jpg,https://www.metro.ca/en/online-grocery/search-page-284
LA CAGE,Buffalo Mayonnaise,362 mL,"$5.99
 ea.",,$1.65 /100ml,"Regular price
$6.79  ea.","Valid until Jan 24, 2024",https://product-images.metro.ca/images/hfa/h10/11374906245150.jpg,https://www.metro.ca/en/online-grocery/search-page-284
LA CAGE,Bourbon BBQ Sauce,345 mL,"$5.99
 ea.",,$1.74 /100ml,"Regular price
$6.79  ea.","Valid until Jan 24, 2024",https://product-images.metro.ca/images/hfe/h1e/11374904410142.jpg,https://www.metro.ca/en/online-grocery/search-page-284
LA CAGE,Chipotle Mayonnaise,362 mL,"$5.99
 ea.",,$1.65 /100ml,"Regular price
$6.79  ea.","Valid until Jan 24, 2024",https://product-images.metro.ca/images/h15/hd5/11374904901662.jpg,https://www.metro.ca/en/online-grocery/search-page-284
LA CAGE,911 Spicy Sauce,345 mL,"$5.99
 ea.",,$1.74 /100ml,"Regular price
$6.79  ea.","Valid until Jan 24, 2024",https://product-images.metro.ca/images/h72/h41/11374906769438.jpg,https://www.metro.ca/en/online-grocery/search-page-284
CHAMP LIBRE BRASSERIE & DISTILLERIE,"IPA Beer, Chinook",473 mL - can,"2 / 
$9.00",,$0.95 /100ml,"Regular price
$5.39  ea.","Valid until Feb 7, 2024",,https://www.metro.ca/en/online-grocery/search-page-284
CHAMP LIBRE BRASSERIE & DISTILLERIE,"Strong IPA Beer, Épicentre",473 mL - can,"2 / 
$9.00",,$0.95 /100ml,"Regular price
$5.39  ea.","Valid until Feb 7, 2024",,https://www.metro.ca/en/online-grocery/search-page-284
LA CAGE,Beef Tartare,135 g,"$13.99
 ea.",,$10.36 /100g,,,https://product-images.metro.ca/images/hb7/h76/11449684590622.jpg,https://www.metro.ca/en/online-grocery/search-page-284
LA CAGE,Salmon Tartare With Sauce,125 g,"$13.99
 ea.",,$11.19 /100g,,,https://product-images.metro.ca/images/h4c/hfa/11401397764126.jpg,https://www.metro.ca/en/online-grocery/search-page-284
PUR VODKA,Montreal Steak Spice Salmon Gravlax,330 g,"$29.99
 ea.",,$9.09 /100g,"Regular price
$32.99  ea.","Valid until Jan 17, 2024",https://product-images.metro.ca/images/hf6/hd2/11453502390302.jpg,https://www.metro.ca/en/online-grocery/search-page-284
QUICK,Squeezed Lime Lemon Juice,500 mL,"$6.29
 ea.",,$1.26 /100ml,,,https://product-images.metro.ca/images/h4a/hc2/9534462722078.jpg,https://www.metro.ca/en/online-grocery/search-page-284
QUICK,Squeezed Lemon Juice,500 mL,"$6.29
 ea.",,$1.26 /100ml,,,https://product-images.metro.ca/images/h4a/hf7/9534458724382.jpg,https://www.metro.ca/en/online-grocery/search-page-284
CANADA SAUCE,Relish,350 mL,"$5.99
 ea.",,$1.71 /100ml,,,https://product-images.metro.ca/images/h8a/h30/12050950586398.jpg,https://www.metro.ca/en/online-grocery/search-page-284
CANADA SAUCE,Mustard,350 mL,"$5.99
 ea.",,$1.71 /100ml,,,https://product-images.metro.ca/images/hd0/h33/9535999574046.jpg,https://www.metro.ca/en/online-grocery/search-page-284
QUICK,Squeezed Green Lemon Juice,125 mL,"$2.29
 ea.",,$1.83 /100ml,,,https://product-images.metro.ca/images/h3d/h15/11117405503518.jpg,https://www.metro.ca/en/online-grocery/search-page-284
QUICK,Squeezed Lemon Juice,125 mL,"$2.29
 ea.",,$1.83 /100ml,,,https://product-images.metro.ca/images/h00/hb5/11117406126110.jpg,https://www.metro.ca/en/online-grocery/search-page-284
NOBA,Organic Kamut® Penne,340 g,"$4.79
 ea.",,$1.41 /100g,,,https://product-images.metro.ca/images/hf9/he3/10444509413406.jpg,https://www.metro.ca/en/online-grocery/search-page-284
NOBA,Organic Spelt Macaroni,340 g,"$4.79
 ea.",,$1.41 /100g,,,https://product-images.metro.ca/images/ha4/hff/10711559372830.jpg,https://www.metro.ca/en/online-grocery/search-page-284
NOBA,Organic Spelt Spaghettini,340 g,"$4.79
 ea.",,$1.41 /100g,,,https://product-images.metro.ca/images/hee/h38/10674317492254.jpg,https://www.metro.ca/en/online-grocery/search-page-284
NOBA,Organic Spelt Penne,340 g,"$4.79
 ea.",,$1.41 /100g,,,https://product-images.metro.ca/images/hbb/h7e/10475540807710.jpg,https://www.metro.ca/en/online-grocery/search-page-284
NOBA,Organic Kamut® Macaroni,340 g,"$4.79
 ea.",,$1.41 /100g,,,https://product-images.metro.ca/images/hf4/h4a/10673988960286.jpg,https://www.metro.ca/en/online-grocery/search-page-285
NOBA,Organic Kamut® Spaghettini,340 g,"$4.79
 ea.",,$1.41 /100g,,,https://product-images.metro.ca/images/h1d/h4f/10674189238302.jpg,https://www.metro.ca/en/online-grocery/search-page-285
ASIA SAUCE,"Mushroom Teriyaki Sauce, Japan",375 mL,"$7.99
 ea.",,$2.13 /100ml,"Regular price
$8.99  ea.","Valid until Jan 24, 2024",,https://www.metro.ca/en/online-grocery/search-page-285
ASIA SAUCE,"Peanut Satay Sauce, Indonesia",375 mL,"$7.99
 ea.",,$2.13 /100ml,"Regular price
$8.99  ea.","Valid until Jan 24, 2024",,https://www.metro.ca/en/online-grocery/search-page-285
ASIA SAUCE,Gochujang Korean BBQ Sauce,375 mL,"$7.99
 ea.",,$2.13 /100ml,"Regular price
$8.99  ea.","Valid until Jan 24, 2024",https://product-images.metro.ca/images/h15/h41/11742217469982.jpg,https://www.metro.ca/en/online-grocery/search-page-285
ASIA SAUCE,"Banana Ketchup Sauce, Philippines",375 mL,"$7.99
 ea.",,$2.13 /100ml,"Regular price
$8.99  ea.","Valid until Jan 24, 2024",,https://www.metro.ca/en/online-grocery/search-page-285
ASIA SAUCE,"Sambal Oelek Sauce, Malaysia",375 mL,"$7.99
 ea.",,$2.13 /100ml,"Regular price
$8.99  ea.","Valid until Jan 24, 2024",,https://www.metro.ca/en/online-grocery/search-page-285
ASIA SAUCE,"Pineapp Sauce For Eggrolls, China",375 mL,"$7.99
 ea.",,$2.13 /100ml,"Regular price
$8.99  ea.","Valid until Jan 24, 2024",,https://www.metro.ca/en/online-grocery/search-page-285
MELIS,Gluten Free Roasted Red Peppers Marinade,720 mL,"$5.99
 ea.",,$0.83 /100ml,"Regular price
$6.79  ea.","Valid until Jan 24, 2024",https://product-images.metro.ca/images/hb3/h1c/11133677731870.jpg,https://www.metro.ca/en/online-grocery/search-page-285
MELIS,Medium Ajvar Pikant Spread,720 mL,"$6.49
 ea.",,$0.90 /100ml,,,https://product-images.metro.ca/images/he1/hd2/11590746177566.jpg,https://www.metro.ca/en/online-grocery/search-page-285
MINA,Mild Moroccan-Style Pepper Harissa,296 mL,"$7.49
 ea.",,$2.53 /100ml,"Regular price
$8.79  ea.","Valid until Jan 24, 2024",https://product-images.metro.ca/images/h84/he6/9802809049118.jpg,https://www.metro.ca/en/online-grocery/search-page-285
DONAREPA,Precooked White Corn Flour,1 kg,"$3.49
 ea.",,$0.35 /100g,,,https://product-images.metro.ca/images/hf4/h25/10823350419486.jpg,https://www.metro.ca/en/online-grocery/search-page-285
STARBUCKS,Vertuo Pike Place Nespresso® Coffee Pods,8 un,"$11.49
 ea.",,$1.44 /un.,,,https://product-images.metro.ca/images/h23/hbd/12266578378782.jpg,https://www.metro.ca/en/online-grocery/search-page-285
STARBUCKS,Vertuo Espresso Roast Nespresso® Coffee Pods,8 un,"$11.49
 ea.",,$1.44 /un.,,,https://product-images.metro.ca/images/h45/hff/12266578575390.jpg,https://www.metro.ca/en/online-grocery/search-page-285
STARBUCKS,Vertuo Colombia Nespresso® Coffee Pods,8 un,"$11.49
 ea.",,$1.44 /un.,,,https://product-images.metro.ca/images/h3c/h7b/12266580770846.jpg,https://www.metro.ca/en/online-grocery/search-page-285
STARBUCKS,Vertuo Verona Nespresso® Coffee Pods,8 un,"$11.49
 ea.",,$1.44 /un.,,,https://product-images.metro.ca/images/h6f/h93/12266578804766.jpg,https://www.metro.ca/en/online-grocery/search-page-285
STARBUCKS,Nespresso Vertuo Coffee Capsule Blonde Espresso,10 un,"$11.49
 ea.",,$1.15 /un.,,,https://product-images.metro.ca/images/h90/h8a/12266657710110.jpg,https://www.metro.ca/en/online-grocery/search-page-285
STARBUCKS,"Nespresso Vertuo Blonde Roast Coffee Capsules, Veran...",8 un,"$11.49
 ea.",,$11.49 /100g,,,,https://www.metro.ca/en/online-grocery/search-page-285
PLANET HEMP SUPERFOOD,Savoury Onion Flavoured Seed Mix,175 g,"$6.49
 ea.",,$3.71 /100g,,,https://product-images.metro.ca/images/h43/heb/9202505547806.jpg,https://www.metro.ca/en/online-grocery/search-page-285
ORGOGLIO,5 Flavours Sedani Pasta,500 g,"$6.99
 ea.",,$1.40 /100g,,,https://product-images.metro.ca/images/hfe/he1/10073608618014.jpg,https://www.metro.ca/en/online-grocery/search-page-285
CEDAR,Shishtaouk Spices,50 g,"$1.59
 ea.",,$3.18 /100g,,,https://product-images.metro.ca/images/h6b/h3c/9751214686238.jpg,https://www.metro.ca/en/online-grocery/search-page-285
CEDAR,Kafta Spices,50 g,"$2.19
 ea.",,$4.38 /100g,,,https://product-images.metro.ca/images/h91/haa/9751214915614.jpg,https://www.metro.ca/en/online-grocery/search-page-285
CEDAR,Sumac,50 g,"$1.49
 ea.",,$2.98 /100g,,,https://product-images.metro.ca/images/h01/h35/9751218421790.jpg,https://www.metro.ca/en/online-grocery/search-page-285
TWO-BITE,Oreo Brownie,400 g,"$11.49
 ea.",,$2.87 /100g,,,https://product-images.metro.ca/images/h84/hd2/11590946357278.jpg,https://www.metro.ca/en/online-grocery/search-page-285
MONDOUX,"Chocolate Yummies And Gummies, Sweet Sixteen",325 g,"$5.99
 ea.",,$1.84 /100g,,,,https://www.metro.ca/en/online-grocery/search-page-285
MONDOUX,"Winter Mix Candy, Sweet Sixteen",400 g,"$6.79
 ea.",,$1.70 /100g,,,,https://www.metro.ca/en/online-grocery/search-page-285
LA FERNANDIÈRE,Smoked Meat And Pickles And Buffalo Flavoured Sausag...,675 g,"$10.49
 ea.",,$1.55 /100g,,,,https://www.metro.ca/en/online-grocery/search-page-285
OLYMEL,Gluten Free Mild Italian Sausages,450 g,"$7.49
 ea.",,$1.66 /100g,,,https://product-images.metro.ca/images/h31/hb8/12018955124766.jpg,https://www.metro.ca/en/online-grocery/search-page-285
OLYMEL,Gluten Free Hot Italian Sausages,450 g,"$7.49
 ea.",,$1.66 /100g,,,https://product-images.metro.ca/images/hae/hb2/11692126535710.jpg,https://www.metro.ca/en/online-grocery/search-page-285
CHOCOLATS FAVORIS,Frozen Dulce De Leche Topped Lava Cake,340 g,"$12.99
 ea.",,$3.82 /100g,"Regular price
$15.99  ea.","Valid until Jan 17, 2024",https://product-images.metro.ca/images/hcd/h8d/11477956395038.jpg,https://www.metro.ca/en/online-grocery/search-page-285
CHOCOLATS FAVORIS,60% Dark Chocolate Topped Lava Cake,340 g,"$12.99
 ea.",,$3.82 /100g,"Regular price
$15.99  ea.","Valid until Jan 17, 2024",https://product-images.metro.ca/images/h5e/hb9/11477969436702.jpg,https://www.metro.ca/en/online-grocery/search-page-286
CHOCOLATS FAVORIS,Salted Caramel Kooky Cake,950 g,"$25.99
 ea.",,$3.15 /100g,,,https://product-images.metro.ca/images/ha4/h49/11349133164574.jpg,https://www.metro.ca/en/online-grocery/search-page-286
CHOCOLATS FAVORIS,S'Mores Kooky Cake,950 g,"$25.99
 ea.",,$3.15 /100g,,,https://product-images.metro.ca/images/h99/h26/11349131427870.jpg,https://www.metro.ca/en/online-grocery/search-page-286
CHOCOLATS FAVORIS,Chocolate Decadence Kooky Cake,950 g,"$25.99
 ea.",,$3.15 /100g,,,https://product-images.metro.ca/images/ha8/hc0/11349131296798.jpg,https://www.metro.ca/en/online-grocery/search-page-286
CHOCOLATS FAVORIS,Cotton Candy Kooky Cake,950 g,"$25.99
 ea.",,$3.35 /100g,,,https://product-images.metro.ca/images/h0d/h05/11349127462942.jpg,https://www.metro.ca/en/online-grocery/search-page-286
CHOCOLATS FAVORIS,Chocolate Flavoured Lava Cake,340 g,"$12.99
 ea.",,$3.82 /100g,"Regular price
$15.99  ea.","Valid until Jan 17, 2024",https://product-images.metro.ca/images/h39/h2c/11478017048606.jpg,https://www.metro.ca/en/online-grocery/search-page-286
CHOCOLATS FAVORIS,Milk Chocolate Hazenut Praline Flavoured Cake,950 g,"$29.99
 ea.",,$3.16 /100g,,,https://product-images.metro.ca/images/h53/h1c/12146352881694.jpg,https://www.metro.ca/en/online-grocery/search-page-286
CHOCOLATS FAVORIS,Neapolitain Koody Cake,800 g,"$29.99
 ea.",,$3.75 /100g,,,https://product-images.metro.ca/images/h9c/h86/11205161549854.jpg,https://www.metro.ca/en/online-grocery/search-page-286
LINDT,No Sugar Added Dark Chocolate Bar,100 g,"$5.49
 ea.",,$5.49 /100g,"Regular price
$7.49  ea.","Valid until Jan 10, 2024",https://product-images.metro.ca/images/h81/hca/9944343445534.jpg,https://www.metro.ca/en/online-grocery/search-page-286
LINDT,"Irresistibly Smooth Double Chocolate Bar, Lindor",100 g,"$3.49
 ea.",,$3.49 /100g,"Regular price
$4.79  ea.","Valid until Jan 24, 2024",,https://www.metro.ca/en/online-grocery/search-page-286
SO DELICIOUS,Non-Dairy Salted Caramel Cashewmilk-Based Frozen Des...,4x68 mL,"$7.49
 ea.",,$2.75 /100ml,,,,https://www.metro.ca/en/online-grocery/search-page-286
LINDT,"Milk Caramel & Sea Salt Chocolate Bar, Lindor",100 g,"$3.49
 ea.",,$3.49 /100g,"Regular price
$4.79  ea.","Valid until Jan 24, 2024",,https://www.metro.ca/en/online-grocery/search-page-286
LINDT,"Salted Caramel And Milk Chocolate Bar, One For One",125 g,"$5.49
 ea.",,$4.39 /100g,,,,https://www.metro.ca/en/online-grocery/search-page-286
LINDT,"Milk Chocolate Bar, One For One",125 g,"$5.49
 ea.",,$4.39 /100g,,,,https://www.metro.ca/en/online-grocery/search-page-286
LINDT,"Hazelnut Milk Chocolate Bar, One For One",125 g,"$5.49
 ea.",,$4.39 /100g,,,,https://www.metro.ca/en/online-grocery/search-page-286
VITAL,Piri-Piri Marinade,350 mL,"$7.99
 ea.",,$2.28 /100ml,"Regular price
$8.99  ea.","Valid until Jan 24, 2024",https://product-images.metro.ca/images/h40/hfd/11374958641182.jpg,https://www.metro.ca/en/online-grocery/search-page-286
TAKIS,Dragon Sweet Chili Rolled Tortilla Chips,280 g,"$4.49
 ea.",,$1.60 /100g,,,https://product-images.metro.ca/images/h96/hc4/11481695027230.jpg,https://www.metro.ca/en/online-grocery/search-page-286
MAÎTRE FUMEUR,Nitrite,75 g,"$4.29
 ea.",,$5.72 /100g,,,https://product-images.metro.ca/images/h4c/h96/11401415983134.jpg,https://www.metro.ca/en/online-grocery/search-page-286
TAKIS,"Fuego Wavy Chip, Waves",190 g,"$4.49
 ea.",,$2.36 /100g,,,,https://www.metro.ca/en/online-grocery/search-page-286
VITAL,Teriyaki Marinade,350 mL,"$7.99
 ea.",,$2.28 /100ml,"Regular price
$8.99  ea.","Valid until Jan 24, 2024",https://product-images.metro.ca/images/hda/h17/11375037022238.jpg,https://www.metro.ca/en/online-grocery/search-page-286
VITAL,Jerk Marinade,350 mL,"$7.99
 ea.",,$2.28 /100ml,"Regular price
$8.99  ea.","Valid until Jan 24, 2024",https://product-images.metro.ca/images/he1/h62/11375036989470.jpg,https://www.metro.ca/en/online-grocery/search-page-286
COQ'TAIL,Simple Mixologie Syrup,250 mL,"$9.99
 ea.",,$4.00 /100ml,"Regular price
$11.99  ea.","Valid until Feb 7, 2024",https://product-images.metro.ca/images/h13/h99/11514378125342.jpg,https://www.metro.ca/en/online-grocery/search-page-286
COQ'TAIL,Sour Cherries Flavoured Mixologie Syrup,250 mL,"$9.99
 ea.",,$4.00 /100ml,"Regular price
$11.99  ea.","Valid until Feb 7, 2024",https://product-images.metro.ca/images/hd8/h0f/11514604453918.jpg,https://www.metro.ca/en/online-grocery/search-page-286
COQ'TAIL,Tonic Mixologie Syrup,250 mL,"$9.99
 ea.",,$4.00 /100ml,"Regular price
$11.99  ea.","Valid until Feb 7, 2024",https://product-images.metro.ca/images/hfd/hca/11514250657822.jpg,https://www.metro.ca/en/online-grocery/search-page-286
VITAL,Jalapeno Hot Sauce,148 mL,"$7.49
 ea.",,$5.06 /100ml,"Regular price
$7.99  ea.","Valid until Jan 24, 2024",https://www.metro.ca/images/shared/placeholders/icon-no-picture.svg?v=2023.71.1.d1,https://www.metro.ca/en/online-grocery/search-page-286
VITAL,Medium Chipotle Hot Sauce,148 mL,"$7.49
 ea.",,$5.06 /100ml,"Regular price
$7.99  ea.","Valid until Jan 24, 2024",https://www.metro.ca/images/shared/placeholders/icon-no-picture.svg?v=2023.71.1.d1,https://www.metro.ca/en/online-grocery/search-page-286
TAKIS,"Kaboom Ketchup And Sriracha Flavoured Tortilla Chip,...",280 g,"$4.49
 ea.",,$1.60 /100g,,,,https://www.metro.ca/en/online-grocery/search-page-286
CT BAKERY,Celebration Donuts,450 g,"$8.49
 ea.",,$1.89 /100g,,,https://product-images.metro.ca/images/h5c/h7a/10486618456094.jpg,https://www.metro.ca/en/online-grocery/search-page-286
FX PICHET,Organic Baluchon Firm Cheese,145 g,"$10.29
 ea.",,$7.10 /100g,,,https://product-images.metro.ca/images/h1c/ha7/9742780268574.jpg,https://www.metro.ca/en/online-grocery/search-page-286
TAZO,Passion Fruit Flavoured Iced Herbal Tea,946 mL,"$8.49
 ea.",,$0.90 /100ml,,,https://product-images.metro.ca/images/h31/hed/11198458101790.jpg,https://www.metro.ca/en/online-grocery/search-page-286
CHOCOLATS FAVORIS,60% Dark Chocolate Topped Lava Cake,340 g,"$12.99
 ea.",,$3.82 /100g,"Regular price
$15.99  ea.","Valid until Jan 17, 2024",https://product-images.metro.ca/images/h5e/hb9/11477969436702.jpg,https://www.metro.ca/en/online-grocery/search-page-286
CHOCOLATS FAVORIS,Salted Caramel Kooky Cake,950 g,"$25.99
 ea.",,$3.15 /100g,,,https://product-images.metro.ca/images/ha4/h49/11349133164574.jpg,https://www.metro.ca/en/online-grocery/search-page-286
CHOCOLATS FAVORIS,S'Mores Kooky Cake,950 g,"$25.99
 ea.",,$3.15 /100g,,,https://product-images.metro.ca/images/h99/h26/11349131427870.jpg,https://www.metro.ca/en/online-grocery/search-page-286
CHOCOLATS FAVORIS,Chocolate Decadence Kooky Cake,950 g,"$25.99
 ea.",,$3.15 /100g,,,https://product-images.metro.ca/images/ha8/hc0/11349131296798.jpg,https://www.metro.ca/en/online-grocery/search-page-286
CHOCOLATS FAVORIS,Cotton Candy Kooky Cake,950 g,"$25.99
 ea.",,$3.35 /100g,,,https://product-images.metro.ca/images/h0d/h05/11349127462942.jpg,https://www.metro.ca/en/online-grocery/search-page-286
CHOCOLATS FAVORIS,Chocolate Flavoured Lava Cake,340 g,"$12.99
 ea.",,$3.82 /100g,"Regular price
$15.99  ea.","Valid until Jan 17, 2024",https://product-images.metro.ca/images/h39/h2c/11478017048606.jpg,https://www.metro.ca/en/online-grocery/search-page-286
CHOCOLATS FAVORIS,Milk Chocolate Hazenut Praline Flavoured Cake,950 g,"$29.99
 ea.",,$3.16 /100g,,,https://product-images.metro.ca/images/h53/h1c/12146352881694.jpg,https://www.metro.ca/en/online-grocery/search-page-286
CHOCOLATS FAVORIS,Neapolitain Koody Cake,800 g,"$29.99
 ea.",,$3.75 /100g,,,https://product-images.metro.ca/images/h9c/h86/11205161549854.jpg,https://www.metro.ca/en/online-grocery/search-page-286
LINDT,No Sugar Added Dark Chocolate Bar,100 g,"$5.49
 ea.",,$5.49 /100g,"Regular price
$7.49  ea.","Valid until Jan 10, 2024",https://product-images.metro.ca/images/h81/hca/9944343445534.jpg,https://www.metro.ca/en/online-grocery/search-page-286
LINDT,"Irresistibly Smooth Double Chocolate Bar, Lindor",100 g,"$3.49
 ea.",,$3.49 /100g,"Regular price
$4.79  ea.","Valid until Jan 24, 2024",,https://www.metro.ca/en/online-grocery/search-page-286
SO DELICIOUS,Non-Dairy Salted Caramel Cashewmilk-Based Frozen Des...,4x68 mL,"$7.49
 ea.",,$2.75 /100ml,,,,https://www.metro.ca/en/online-grocery/search-page-286
LINDT,"Milk Caramel & Sea Salt Chocolate Bar, Lindor",100 g,"$3.49
 ea.",,$3.49 /100g,"Regular price
$4.79  ea.","Valid until Jan 24, 2024",,https://www.metro.ca/en/online-grocery/search-page-286
LINDT,"Salted Caramel And Milk Chocolate Bar, One For One",125 g,"$5.49
 ea.",,$4.39 /100g,,,,https://www.metro.ca/en/online-grocery/search-page-286
LINDT,"Milk Chocolate Bar, One For One",125 g,"$5.49
 ea.",,$4.39 /100g,,,,https://www.metro.ca/en/online-grocery/search-page-286
LINDT,"Hazelnut Milk Chocolate Bar, One For One",125 g,"$5.49
 ea.",,$4.39 /100g,,,,https://www.metro.ca/en/online-grocery/search-page-286
VITAL,Piri-Piri Marinade,350 mL,"$7.99
 ea.",,$2.28 /100ml,"Regular price
$8.99  ea.","Valid until Jan 24, 2024",https://product-images.metro.ca/images/h40/hfd/11374958641182.jpg,https://www.metro.ca/en/online-grocery/search-page-286
TAKIS,Dragon Sweet Chili Rolled Tortilla Chips,280 g,"$4.49
 ea.",,$1.60 /100g,,,https://product-images.metro.ca/images/h96/hc4/11481695027230.jpg,https://www.metro.ca/en/online-grocery/search-page-286
MAÎTRE FUMEUR,Nitrite,75 g,"$4.29
 ea.",,$5.72 /100g,,,https://product-images.metro.ca/images/h4c/h96/11401415983134.jpg,https://www.metro.ca/en/online-grocery/search-page-286
TAKIS,"Fuego Wavy Chip, Waves",190 g,"$4.49
 ea.",,$2.36 /100g,,,,https://www.metro.ca/en/online-grocery/search-page-286
VITAL,Teriyaki Marinade,350 mL,"$7.99
 ea.",,$2.28 /100ml,"Regular price
$8.99  ea.","Valid until Jan 24, 2024",https://product-images.metro.ca/images/hda/h17/11375037022238.jpg,https://www.metro.ca/en/online-grocery/search-page-286
VITAL,Jerk Marinade,350 mL,"$7.99
 ea.",,$2.28 /100ml,"Regular price
$8.99  ea.","Valid until Jan 24, 2024",https://product-images.metro.ca/images/he1/h62/11375036989470.jpg,https://www.metro.ca/en/online-grocery/search-page-286
COQ'TAIL,Simple Mixologie Syrup,250 mL,"$9.99
 ea.",,$4.00 /100ml,"Regular price
$11.99  ea.","Valid until Feb 7, 2024",https://product-images.metro.ca/images/h13/h99/11514378125342.jpg,https://www.metro.ca/en/online-grocery/search-page-286
COQ'TAIL,Sour Cherries Flavoured Mixologie Syrup,250 mL,"$9.99
 ea.",,$4.00 /100ml,"Regular price
$11.99  ea.","Valid until Feb 7, 2024",https://product-images.metro.ca/images/hd8/h0f/11514604453918.jpg,https://www.metro.ca/en/online-grocery/search-page-286
COQ'TAIL,Tonic Mixologie Syrup,250 mL,"$9.99
 ea.",,$4.00 /100ml,"Regular price
$11.99  ea.","Valid until Feb 7, 2024",https://product-images.metro.ca/images/hfd/hca/11514250657822.jpg,https://www.metro.ca/en/online-grocery/search-page-286
VITAL,Jalapeno Hot Sauce,148 mL,"$7.49
 ea.",,$5.06 /100ml,"Regular price
$7.99  ea.","Valid until Jan 24, 2024",https://www.metro.ca/images/shared/placeholders/icon-no-picture.svg?v=2023.71.1.d1,https://www.metro.ca/en/online-grocery/search-page-286
VITAL,Medium Chipotle Hot Sauce,148 mL,"$7.49
 ea.",,$5.06 /100ml,"Regular price
$7.99  ea.","Valid until Jan 24, 2024",https://www.metro.ca/images/shared/placeholders/icon-no-picture.svg?v=2023.71.1.d1,https://www.metro.ca/en/online-grocery/search-page-286
TAKIS,"Kaboom Ketchup And Sriracha Flavoured Tortilla Chip,...",280 g,"$4.49
 ea.",,$1.60 /100g,,,,https://www.metro.ca/en/online-grocery/search-page-286
CT BAKERY,Celebration Donuts,450 g,"$8.49
 ea.",,$1.89 /100g,,,https://product-images.metro.ca/images/h5c/h7a/10486618456094.jpg,https://www.metro.ca/en/online-grocery/search-page-286
FX PICHET,Organic Baluchon Firm Cheese,145 g,"$10.29
 ea.",,$7.10 /100g,,,https://product-images.metro.ca/images/h1c/ha7/9742780268574.jpg,https://www.metro.ca/en/online-grocery/search-page-286
TAZO,Passion Fruit Flavoured Iced Herbal Tea,946 mL,"$8.49
 ea.",,$0.90 /100ml,,,https://product-images.metro.ca/images/h31/hed/11198458101790.jpg,https://www.metro.ca/en/online-grocery/search-page-286
PROMISE GLUTEN FREE,Brioche Loaf,400 g,"$7.99
 ea.",,$2.00 /100g,,,https://product-images.metro.ca/images/h2f/h9c/9680542629918.jpg,https://www.metro.ca/en/online-grocery/search-page-287
PROMISE GLUTEN FREE,Gluten Free Soft White Loaf,480 g,"$7.99
 ea.",,$1.66 /100g,,,https://product-images.metro.ca/images/hf0/h90/9680543383582.jpg,https://www.metro.ca/en/online-grocery/search-page-287
KANDJU,Original Gummy Mix,700 g,"$12.99
 ea.",,$1.86 /100g,"Regular price
$15.99  ea.","Valid until Jan 24, 2024",https://product-images.metro.ca/images/hf1/hdf/11068888907806.jpg,https://www.metro.ca/en/online-grocery/search-page-287
CHA'S ORGANICS,Organic Vegan Coconut Whipping Cream,400 mL,"$6.79
 ea.",,$1.70 /100ml,,,https://product-images.metro.ca/images/hff/heb/9878087958558.jpg,https://www.metro.ca/en/online-grocery/search-page-287
KANDJU,Jelly Christmas Candy Kabob,85 g,"$4.99
 ea.",,$5.87 /100g,"Regular price
$5.49  ea.","Valid until Jan 24, 2024",https://product-images.metro.ca/images/h45/h4a/11068984000542.jpg,https://www.metro.ca/en/online-grocery/search-page-287
KANDJU,Jelly Christmas Candy Kabob,50 g,"$3.99
 ea.",,$7.98 /100g,"Regular price
$4.29  ea.","Valid until Jan 24, 2024",https://product-images.metro.ca/images/hc2/h21/11068945661982.jpg,https://www.metro.ca/en/online-grocery/search-page-287
DUNHAM MEATS,Piri Piri Portuguese Sauce Mini Chicken Brochettes,4x55 g,"$8.49
 ea.",,$3.86 /100g,,,https://product-images.metro.ca/images/hc6/h50/10536931917854.jpg,https://www.metro.ca/en/online-grocery/search-page-287
DUNHAM MEATS,Greek Sauce Chicken Souvlakis,4x55 g,"$8.49
 ea.",,$3.86 /100g,,,https://product-images.metro.ca/images/hd3/h15/10536936112158.jpg,https://www.metro.ca/en/online-grocery/search-page-287
DUNHAM MEATS,American Bourbon Sauce Seasoned Chicken Tournedos,2x150 g,"$11.99
 ea.",,$4.00 /100g,,,https://product-images.metro.ca/images/had/h9a/10536958918686.jpg,https://www.metro.ca/en/online-grocery/search-page-287
DUNHAM MEATS,Mediterranean Sauce Seasoned Chicken Tournedos,2x150 g,"$11.99
 ea.",,$4.00 /100g,,,https://product-images.metro.ca/images/h6d/h7a/10525214375966.jpg,https://www.metro.ca/en/online-grocery/search-page-287
DUNHAM MEATS,Seasoned Chicken Tournedos,2x150 g,"$11.99
 ea.",,$4.00 /100g,,,https://product-images.metro.ca/images/h1a/hfd/10536939782174.jpg,https://www.metro.ca/en/online-grocery/search-page-287
NAGANO,Maple Wood Smoked Bacon,250 g,"$8.99
 ea.",,$3.60 /100g,"Regular price
$9.99  ea.","Valid until Jan 17, 2024",https://product-images.metro.ca/images/h13/h26/11432882470942.jpg,https://www.metro.ca/en/online-grocery/search-page-287
,7 Jours Magazine,1 un,"$4.99
 ea.",,$4.99 /un.,,,https://product-images.metro.ca/images/h29/h60/9509210816542.jpg,https://www.metro.ca/en/online-grocery/search-page-287
,La Semaine Magazine,1 un,"$4.99
 ea.",,$4.99 /un.,,,https://product-images.metro.ca/images/hbd/hf6/9509228544030.jpg,https://www.metro.ca/en/online-grocery/search-page-287
LE GREC,Italian Salad Dressing,350 mL,"$3.99
 ea.",,$1.14 /100ml,"Regular price
$4.79  ea.","Valid until Jan 24, 2024",https://product-images.metro.ca/images/h21/h51/9836513525790.jpg,https://www.metro.ca/en/online-grocery/search-page-287
YUM EARTH,Organic Lollipop Variety Pack,241 g,"$9.29
 ea.",,$3.85 /100g,,,https://product-images.metro.ca/images/hd0/h37/9236741357598.jpg,https://www.metro.ca/en/online-grocery/search-page-287
LE GREC,Original Dressing,650 mL,"$6.49
 ea.",,$1.00 /100ml,,,https://product-images.metro.ca/images/h61/h35/9836527910942.jpg,https://www.metro.ca/en/online-grocery/search-page-287
BAILEYS,Baileys® Chocolate Mousse Cake,485 g,"$20.99
 ea.",,$4.33 /100g,,,https://product-images.metro.ca/images/h7b/h34/9557915533342.jpg,https://www.metro.ca/en/online-grocery/search-page-287
LE GREC,Homestyle Dip,280 g,"$5.99
 ea.",,$2.14 /100g,,,https://product-images.metro.ca/images/h17/h4a/9503679152158.jpg,https://www.metro.ca/en/online-grocery/search-page-287
LE GREC,Garlic And Parmesan Dip,280 g,"$5.99
 ea.",,$2.14 /100g,,,https://product-images.metro.ca/images/h78/h16/9503668731934.jpg,https://www.metro.ca/en/online-grocery/search-page-287
LE GREC,Light Original Dressing,350 mL,"$3.99
 ea.",,$1.14 /100ml,"Regular price
$4.79  ea.","Valid until Jan 24, 2024",https://product-images.metro.ca/images/h73/h2f/10161438818334.jpg,https://www.metro.ca/en/online-grocery/search-page-287
LE GREC,Cucumber Dressing,350 mL,"$3.99
 ea.",,$1.14 /100ml,"Regular price
$4.79  ea.","Valid until Jan 24, 2024",https://product-images.metro.ca/images/he3/hd7/10482252972062.jpg,https://www.metro.ca/en/online-grocery/search-page-287
CHEF WOO,Roasted Chicken Flavoured Ramen,71 g,"$2.99
 ea.",,$4.21 /100g,,,https://product-images.metro.ca/images/hc0/hbe/11198272471070.jpg,https://www.metro.ca/en/online-grocery/search-page-287
CHEF WOO,Braised Beef Flavoured Ramen,71 g,"$2.99
 ea.",,$4.21 /100g,,,https://product-images.metro.ca/images/h81/h2e/11198272110622.jpg,https://www.metro.ca/en/online-grocery/search-page-287
CHEF WOO,Sweet Chili Togarashi Flavoured Ramen,71 g,"$2.99
 ea.",,$4.21 /100g,,,https://product-images.metro.ca/images/hc3/h89/11198286004254.jpg,https://www.metro.ca/en/online-grocery/search-page-287
CHEF WOO,Instant Thai Lemongrass Ramen,71 g,"$2.99
 ea.",,$4.21 /100g,,,https://product-images.metro.ca/images/h9e/h77/11191728373790.jpg,https://www.metro.ca/en/online-grocery/search-page-287
PRIME HYDRATATION,Lime Flavoured Sport Drinks,500 mL,"$3.99
 ea.",,$0.80 /100ml,,,https://product-images.metro.ca/images/hc1/h48/12192366886942.jpg,https://www.metro.ca/en/online-grocery/search-page-287
PRIME HYDRATATION,Blue Raspberry Flavoured Sports Drink,500 mL,"$3.99
 ea.",,$0.80 /100ml,,,https://product-images.metro.ca/images/h20/he7/12192341458974.jpg,https://www.metro.ca/en/online-grocery/search-page-287
PRIME HYDRATATION,Tropical Punch Flavoured Sports Drink,500 mL,"$3.99
 ea.",,$0.80 /100ml,,,https://product-images.metro.ca/images/hac/hc2/11641494667294.jpg,https://www.metro.ca/en/online-grocery/search-page-287
PRIME HYDRATATION,Ice Pop Flavoured Sport Drink,500 mL,"$3.99
 ea.",,$0.80 /100ml,,,https://product-images.metro.ca/images/h51/h86/12192336543774.jpg,https://www.metro.ca/en/online-grocery/search-page-287
BAILEY'S,Dark Chocolate Lava Cake,180 g,"$7.99
 ea.",,$4.44 /100g,,,https://product-images.metro.ca/images/h8b/hbb/11843976331294.jpg,https://www.metro.ca/en/online-grocery/search-page-288
PRIME,Lemon Lime Flavoured Energy Drink,355 mL,"$4.99
 ea.",,$1.41 /100ml,,,https://product-images.metro.ca/images/he3/h4a/11883600674846.jpg,https://www.metro.ca/en/online-grocery/search-page-288
PRIME,Tropical Punch Flavoured Energy Drink,355 mL,"$4.99
 ea.",,$1.41 /100ml,,,https://product-images.metro.ca/images/h36/had/11883611848734.jpg,https://www.metro.ca/en/online-grocery/search-page-288
PRIME,Strawberry Watermelon Flavoured Energy Drink,355 mL,"$4.99
 ea.",,$1.41 /100ml,,,https://product-images.metro.ca/images/hcd/h50/11883621646366.jpg,https://www.metro.ca/en/online-grocery/search-page-288
MICROBRASSERIE LE GRIMOIRE,"Strong Maple Amber Beer, Desérables",473 mL - can,"2 / 
$9.00",,$0.95 /100ml,"Regular price
$5.29  ea.","Valid until Feb 7, 2024",,https://www.metro.ca/en/online-grocery/search-page-288
MICROBRASSERIE LE GRIMOIRE,"Fruity Tea Infused Milkshake IPA, Pina Colada",473 mL - can,"2 / 
$9.00",,$0.95 /100ml,"Regular price
$5.29  ea.","Valid until Feb 7, 2024",,https://www.metro.ca/en/online-grocery/search-page-288
MICROBRASSERIE LE GRIMOIRE,"Strong Amber Beer With Rhum, La Vie De Château",473 mL - can,"2 / 
$9.00",,$0.95 /100ml,"Regular price
$5.29  ea.","Valid until Feb 7, 2024",,https://www.metro.ca/en/online-grocery/search-page-288
MICROBRASSERIE LE GRIMOIRE,"Chocolate Stout Beer, La Noirceur",473 mL - can,"2 / 
$9.00",,$0.95 /100ml,"Regular price
$5.29  ea.","Valid until Feb 7, 2024",,https://www.metro.ca/en/online-grocery/search-page-288
MICROBRASSERIE LE GRIMOIRE,"Cherry Milkshake Beer, Cherry Bomb",473 mL - can,"2 / 
$9.00",,$0.95 /100ml,"Regular price
$5.29  ea.","Valid until Feb 7, 2024",,https://www.metro.ca/en/online-grocery/search-page-288
RAINCOAST TRADING,Wild Pink Salmon,160 g,"$7.79
 ea.",,$4.87 /100g,"Regular price
$8.79  ea.","Valid until Jan 24, 2024",https://product-images.metro.ca/images/h40/he8/10170692960286.jpg,https://www.metro.ca/en/online-grocery/search-page-288
RAINCOAST GLOBAL,No Salt Added Skipjack Tuna Chunks In Water,142 g,"$3.49
 ea.",,$2.46 /100g,"Regular price
$4.19  ea.","Valid until Jan 24, 2024",https://product-images.metro.ca/images/hae/h6d/9394596708382.jpg,https://www.metro.ca/en/online-grocery/search-page-288
DR TEAL'S,Eucalyptus Spearmint Scented Relax And Relief Foamin...,1000 mL,"$9.99
 ea.",,$1.00 /100ml,,,,https://www.metro.ca/en/online-grocery/search-page-288
DR TEAL'S,Lavender Scented Soothe And Sleep Foaming Bath With ...,1000 mL,"$9.99
 ea.",,$1.00 /100ml,,,,https://www.metro.ca/en/online-grocery/search-page-288
BOEUF QUÉBEC,Cooked Swedish Beef Meatballs,380 g,"$12.99
 ea.",,$3.42 /100g,,,https://product-images.metro.ca/images/h7b/h73/11257208504350.jpg,https://www.metro.ca/en/online-grocery/search-page-288
VIOLIFE,Parmegian Style Vegan Cheese,150 g,"$10.99
 ea.",,$7.33 /100g,,,https://product-images.metro.ca/images/h05/h0f/11574236053534.jpg,https://www.metro.ca/en/online-grocery/search-page-288
BOEUF QUÉBEC,Spanish Beef Meatballs,380 g,"$12.99
 ea.",,$3.42 /100g,,,https://product-images.metro.ca/images/h1c/he1/10792776466462.jpg,https://www.metro.ca/en/online-grocery/search-page-288
SAINT-ARNOULD MICROBREWERY,"Strong Amber Beer, La Vlimeuse",473 mL - can,"$4.99
 ea.",,$1.05 /100ml,,,,https://www.metro.ca/en/online-grocery/search-page-288
SAINT-ARNOULD MICROBREWERY,"Raspberry Amber Beer, La Marie Framboise",473 mL - can,"$4.99
 ea.",,$1.05 /100ml,,,,https://www.metro.ca/en/online-grocery/search-page-288
SAINT-ARNOULD MICROBREWERY,"Mexican-Style Lager Beer, Muchacha",473 mL - can,"$4.49
 ea.",,$0.95 /100ml,,,,https://www.metro.ca/en/online-grocery/search-page-288
SAINT-ARNOULD MICROBREWERY,Strong NEIPA Beer,473 mL - can,"$5.29
 ea.",,$1.12 /100ml,,,https://product-images.metro.ca/images/hac/h27/10244767383582.jpg,https://www.metro.ca/en/online-grocery/search-page-288
SAINT-ARNOULD MICROBREWERY,"Stout Beer, L'Or Noir",473 mL,"$4.99
 ea.",,$1.05 /100ml,,,,https://www.metro.ca/en/online-grocery/search-page-288
SAINT-ARNOULD MICROBREWERY,"Belgian-Style White Beer, Blanche Des Anges",473 mL,"$4.49
 ea.",,$0.95 /100ml,,,,https://www.metro.ca/en/online-grocery/search-page-288
SAINT-ARNOULD MICROBREWERY,"Strong West Coast IPA Beer, La P'Tite Intrigue",473 mL,"$4.99
 ea.",,$1.05 /100ml,,,,https://www.metro.ca/en/online-grocery/search-page-288
SAINT-ARNOULD MICROBREWERY,"Red Ale Beer, Rivière Rouge",473 mL,"$4.99
 ea.",,$1.05 /100ml,,,,https://www.metro.ca/en/online-grocery/search-page-288
SAINT-ARNOULD MICROBREWERY,"APA Beer, Le P'Tit Train Du Nord",473 mL,"$4.49
 ea.",,$0.95 /100ml,,,,https://www.metro.ca/en/online-grocery/search-page-288
CALIFIA FARMS,Gluten Free Unsweetened Oat Beverage,1.4 L,"$7.49
 ea.",,$0.53 /100ml,,,https://product-images.metro.ca/images/hbf/hf9/10841557925918.jpg,https://www.metro.ca/en/online-grocery/search-page-288
BAI,Malawi Mango Flavoured Water,530 mL,"$3.49
 ea.",,$0.66 /100ml,,,https://product-images.metro.ca/images/hcc/h6c/10221840465950.jpg,https://www.metro.ca/en/online-grocery/search-page-288
BAI,Molokai Coconut Water,530 mL,"$3.49
 ea.",,$0.66 /100ml,,,https://product-images.metro.ca/images/hdc/h8f/10477240090654.jpg,https://www.metro.ca/en/online-grocery/search-page-288
BAI,Costa Rica Clementine Flavoured Water,530 mL,"$3.49
 ea.",,$0.66 /100ml,,,https://product-images.metro.ca/images/hfe/ha6/12192057032734.jpg,https://www.metro.ca/en/online-grocery/search-page-288
BAI,Kula Watermelon Flavoured Water,530 mL,"$3.49
 ea.",,$0.66 /100ml,,,https://product-images.metro.ca/images/hd0/h38/11375043477534.jpg,https://www.metro.ca/en/online-grocery/search-page-288
BAI,Zambia Bing Cherry Flavoured Water,530 mL,"$3.49
 ea.",,$0.66 /100ml,,,https://product-images.metro.ca/images/h26/hff/11621876170782.jpg,https://www.metro.ca/en/online-grocery/search-page-289
,Coup De Pouce Magazine,1 un,"$5.99
 ea.",,$5.99 /un.,,,https://product-images.metro.ca/images/h6d/hde/9509198266398.jpg,https://www.metro.ca/en/online-grocery/search-page-289
FONTAINE SANTÉ,Roasted Garlic Flavoured Gluten Free Hummus,227 g,"$4.79
 ea.",,$2.11 /100g,"Regular price
$5.29  ea.","Valid until Jan 17, 2024",https://product-images.metro.ca/images/hbb/h44/11117400555550.jpg,https://www.metro.ca/en/online-grocery/search-page-289
FONTAINE SANTÉ,Dark Chocolate Dessert Hummus,227 g,"$4.99
 ea.",,$2.20 /100g,"Regular price
$5.49  ea.","Valid until Jan 17, 2024",https://product-images.metro.ca/images/h17/h12/9534706483230.jpg,https://www.metro.ca/en/online-grocery/search-page-289
CEDAR,Couscous Spices,50 g,"$1.49
 ea.",,$2.98 /100g,,,https://product-images.metro.ca/images/h30/h09/9791292342302.jpg,https://www.metro.ca/en/online-grocery/search-page-289
FONTAINE SANTÉ,Pealr Couscous Salad,400 g,"$6.49
 ea.",,$1.62 /100g,"Regular price
$6.99  ea.","Valid until Jan 17, 2024",https://product-images.metro.ca/images/h57/hfa/11133696114718.jpg,https://www.metro.ca/en/online-grocery/search-page-289
FONTAINE SANTÉ,Yellow Beet And Quinoa Salad,400 g,"$6.49
 ea.",,$1.62 /100g,"Regular price
$6.99  ea.","Valid until Jan 17, 2024",https://product-images.metro.ca/images/h30/h36/11133695557662.jpg,https://www.metro.ca/en/online-grocery/search-page-289
CEGLIA,Pickled Pork Tongues,450 g,"$13.99
 ea.",,$3.11 /100g,,,https://product-images.metro.ca/images/h97/hb1/11117470711838.jpg,https://www.metro.ca/en/online-grocery/search-page-289
CEGLIA,Pickled Pork Tongues,225 g,"$7.19
 ea.",,$3.20 /100g,,,https://product-images.metro.ca/images/h5d/he7/10542327955486.jpg,https://www.metro.ca/en/online-grocery/search-page-289
CEGLIA,Pickled Pork Tongues,725 g,"$19.99
 ea.",,$2.76 /100g,,,https://product-images.metro.ca/images/h74/hef/10520548081694.jpg,https://www.metro.ca/en/online-grocery/search-page-289
LANTANA,Dill Pickle Hummus,283 g,"$5.49
 ea.",,$1.94 /100g,,,https://product-images.metro.ca/images/h0d/h1d/11064376066078.jpg,https://www.metro.ca/en/online-grocery/search-page-289
FONTAINE SANTÉ,Bagel Flavoured Hummus,227 g,"$4.79
 ea.",,$2.11 /100g,"Regular price
$5.29  ea.","Valid until Jan 17, 2024",https://product-images.metro.ca/images/h9a/h6b/11113761407006.jpg,https://www.metro.ca/en/online-grocery/search-page-289
FONTAINE SANTÉ,Traditional Hummus With Pretzels,129 g,"$2.99
 ea.",,$2.32 /100g,,,https://product-images.metro.ca/images/h71/h2a/11742461427742.jpg,https://www.metro.ca/en/online-grocery/search-page-289
FONTAINE SANTÉ,Dark Chocolate Delight & Pretzels Flavoured Traditio...,129 g,"$2.99
 ea.",,$2.32 /100g,,,,https://www.metro.ca/en/online-grocery/search-page-289
ÉMULSION,Japanese Sesame Dressing,350 mL,"$5.99
 ea.",,$1.71 /100ml,,,https://product-images.metro.ca/images/hb7/hb0/10946181300254.jpg,https://www.metro.ca/en/online-grocery/search-page-289
ÉMULSION,Ranch Dressing,350 mL,"$5.99
 ea.",,$1.71 /100ml,,,https://product-images.metro.ca/images/hc7/h03/10959480717342.jpg,https://www.metro.ca/en/online-grocery/search-page-289
ÉMULSION,Cucumber And Mint Dressing,350 mL,"$5.99
 ea.",,$1.71 /100ml,,,https://product-images.metro.ca/images/h47/h10/10946181857310.jpg,https://www.metro.ca/en/online-grocery/search-page-289
ÉMULSION,Dijon And Onion Dressing,350 mL,"$5.99
 ea.",,$1.71 /100ml,,,https://product-images.metro.ca/images/h75/h44/10946181333022.jpg,https://www.metro.ca/en/online-grocery/search-page-289
ÉMULSION,Ceasar Dressing,350 mL,"$5.99
 ea.",,$1.71 /100ml,,,https://product-images.metro.ca/images/ha0/h45/10946183233566.jpg,https://www.metro.ca/en/online-grocery/search-page-289
PREMIER,Five Peppers Seasoned Beef Flap Steaks,500 g,"$20.00
 ea.",,$4.00 /100g,,,https://product-images.metro.ca/images/h2a/hf8/10715883405342.jpg,https://www.metro.ca/en/online-grocery/search-page-289
REINE DES SAUCES,Vegan Pasta Sauce,750 mL,"$9.99
 ea.",,$1.33 /100ml,,,https://product-images.metro.ca/images/hbd/hfa/10095406186526.jpg,https://www.metro.ca/en/online-grocery/search-page-289
BORÉALE,Strong Brut IPA Beer,12x355 mL - cans,"$18.99
 ea.",,$0.45 /100ml,"Regular price
$20.99  ea.","Valid until Feb 7, 2024",https://product-images.metro.ca/images/hd4/had/10081967341598.jpg,https://www.metro.ca/en/online-grocery/search-page-289
BORÉALE,"Amber Beer, Rousse",12x355 mL - cans,"$18.99
 ea.",,$0.45 /100ml,"Regular price
$20.99  ea.","Valid until Feb 7, 2024",,https://www.metro.ca/en/online-grocery/search-page-289
BORÉALE,Pale Ale Beer,12x355 mL - cans,"$18.99
 ea.",,$0.45 /100ml,"Regular price
$20.99  ea.","Valid until Feb 7, 2024",https://product-images.metro.ca/images/haa/h98/10081977827358.jpg,https://www.metro.ca/en/online-grocery/search-page-289
BORÉALE,"Non-Alcoholic IPA Beer, Hors Sentiers",473 mL - can,"$3.99
 ea.",,$0.84 /100ml,,,,https://www.metro.ca/en/online-grocery/search-page-289
BORÉALE,"Non-Alcoholic Pale Ale Beer, Hors Sentiers",473 mL - can,"$3.99
 ea.",,$0.84 /100ml,,,,https://www.metro.ca/en/online-grocery/search-page-289
BORÉALE,"Non-Alcoholic Pale Ale Beer, Hors Sentiers",6x355 mL - cans,"$11.99
 ea.",,$0.56 /100ml,"Regular price
$12.99  ea.","Valid until Feb 7, 2024",,https://www.metro.ca/en/online-grocery/search-page-289
BORÉALE,"Non-Alcoholic IPA Beer, Hors Sentiers",6x355 mL - cans,"$11.99
 ea.",,$0.56 /100ml,"Regular price
$12.99  ea.","Valid until Feb 7, 2024",,https://www.metro.ca/en/online-grocery/search-page-289
BORÉALE,"Strong Belgian-Style White Beer, Double Blanche Du Lac",6x355 mL,"$12.99
 ea.",,$0.61 /100ml,,,,https://www.metro.ca/en/online-grocery/search-page-289
BORÉALE,"Light ISA, ISA Des Chutes",6x355 mL,"$12.99
 ea.",,$0.61 /100ml,,,,https://www.metro.ca/en/online-grocery/search-page-289
BORÉALE,"Strong IPA Beer, IPA Des Côtes",6x355 mL,"$12.99
 ea.",,$0.61 /100ml,,,,https://www.metro.ca/en/online-grocery/search-page-290
BORÉALE,"Pale Ale Beer, Pale Ale Des Bois",6x355 mL,"$12.99
 ea.",,$0.61 /100ml,,,,https://www.metro.ca/en/online-grocery/search-page-290
BORÉALE,Light Lager Beer,12x355 mL,"$18.99
 ea.",,$0.45 /100ml,"Regular price
$20.99  ea.","Valid until Feb 7, 2024",https://product-images.metro.ca/images/h5b/h0f/10997929148446.jpg,https://www.metro.ca/en/online-grocery/search-page-290
BORÉALE,"Strong Amber Ale, Cuivrée",6x355 mL,"$11.99
 ea.",,$3.38 /100ml,,,,https://www.metro.ca/en/online-grocery/search-page-290
BORÉALE,Light Lager Beer,6x355 mL,"$11.99
 ea.",,$0.56 /100ml,,,https://product-images.metro.ca/images/hc3/h73/11244137742366.jpg,https://www.metro.ca/en/online-grocery/search-page-290
BORÉALE,"Blonde Honey Beer, Dorée",6x355 mL,"$11.99
 ea.",,$3.38 /100ml,,,,https://www.metro.ca/en/online-grocery/search-page-290
REINE DES SAUCES,Meat Pasta Sauce,700 mL,"$9.99
 ea.",,$1.43 /100ml,,,https://product-images.metro.ca/images/h30/h02/10939092697118.jpg,https://www.metro.ca/en/online-grocery/search-page-290
BORÉALE,"Nano IPA Beer, Nano IPA Des Vallées",6x355 mL,"$12.99
 ea.",,$0.61 /100ml,,,,https://www.metro.ca/en/online-grocery/search-page-290
STARBUCKS,Roasted And Sweet Italian Roast Ground Coffee,340 g,"$13.29
 ea.",,$3.91 /100g,,,https://product-images.metro.ca/images/hbb/h7f/12266553966622.jpg,https://www.metro.ca/en/online-grocery/search-page-290
STARBUCKS,Cinnamon Flavoured K-Cup® Coffee Pods,10 un,"$6.64
 ea.",,$0.66 /un.,"Regular price
$13.29  ea.","Valid until Jun 13, 2024",https://product-images.metro.ca/images/h24/h1a/10893984825374.jpg,https://www.metro.ca/en/online-grocery/search-page-290
STARBUCKS,Medium House Blend Ground Coffee,793 g,"$19.99
 ea.",,$2.52 /100g,"Regular price
$24.49  ea.","Valid until Feb 7, 2024",https://product-images.metro.ca/images/h9a/hb5/12266561863710.jpg,https://www.metro.ca/en/online-grocery/search-page-290
STARBUCKS,Dark French Roast Ground Coffee,793 g,"$19.99
 ea.",,$2.52 /100g,"Regular price
$24.49  ea.","Valid until Feb 7, 2024",https://product-images.metro.ca/images/hf0/h80/12266561962014.jpg,https://www.metro.ca/en/online-grocery/search-page-290
BIOTTA,Organic Mix Vegetable Flavoured Juice,500 mL,"$7.79
 ea.",,$1.56 /100ml,,,https://product-images.metro.ca/images/h90/h77/9922854289438.jpg,https://www.metro.ca/en/online-grocery/search-page-290
BIOTTA,Organic Carrot Flavoured Vegetable Juice,500 mL,"$7.79
 ea.",,$7.79 /un.,,,https://product-images.metro.ca/images/hfc/ha7/9922865496094.jpg,https://www.metro.ca/en/online-grocery/search-page-290
BIOTTA,"Organic Original Vegetables Juice, Breuss",500 mL,"$7.79
 ea.",,$7.79 /un.,,,,https://www.metro.ca/en/online-grocery/search-page-290
BIOTTA,Organic Beet Flavoured Vegetable Juice,500 mL,"$7.79
 ea.",,$1.56 /100ml,,,https://product-images.metro.ca/images/h34/hd5/9922857762846.jpg,https://www.metro.ca/en/online-grocery/search-page-290
STARBUCKS,Dark Espresso Coffee Beans,907 g,"$19.99
 ea.",,$2.20 /100g,"Regular price
$26.49  ea.","Valid until Feb 7, 2024",https://product-images.metro.ca/images/h47/h62/12266576609310.jpg,https://www.metro.ca/en/online-grocery/search-page-290
RAGUSA,60 % Cacao Dark Chocolate Bar,100 g,"$6.79
 ea.",,$6.79 /100kg,,,https://product-images.metro.ca/images/hca/h32/10845289185310.jpg,https://www.metro.ca/en/online-grocery/search-page-290
MAZOLA,100% Pure Corn Oil,1.18 L,"$9.99
 ea.",,$0.85 /100ml,,,https://product-images.metro.ca/images/hea/h0f/10190421557278.jpg,https://www.metro.ca/en/online-grocery/search-page-290
MAÎTRE FUMEUR,Unsalted Smoked Meat Spices,75 g,"$6.59
 ea.",,$8.79 /100g,,,https://product-images.metro.ca/images/h09/ha6/11401414115358.jpg,https://www.metro.ca/en/online-grocery/search-page-290
MAÎTRE FUMEUR,Sodium Erythorbate,75 g,"$7.99
 ea.",,$10.65 /100g,,,https://product-images.metro.ca/images/h30/h0c/11401416540190.jpg,https://www.metro.ca/en/online-grocery/search-page-290
VITAL,Spicy Sriracha Sauce,296 mL,"$8.99
 ea.",,$3.04 /100ml,,,https://www.metro.ca/images/shared/placeholders/icon-no-picture.svg?v=2023.71.1.d1,https://www.metro.ca/en/online-grocery/search-page-290
VITAL,Sambal Oelek Sauce,375 mL,"$8.99
 ea.",,$2.40 /100ml,,,https://www.metro.ca/images/shared/placeholders/icon-no-picture.svg?v=2023.71.1.d1,https://www.metro.ca/en/online-grocery/search-page-290
BORÉALE,"Strong IPA Beer, IPA Du Nord-Est",473 mL - can,"$4.99
 ea.",,$1.05 /100ml,,,,https://www.metro.ca/en/online-grocery/search-page-290
DONUT TIME,Glazed Donuts,250 g,"$3.49
 ea.",,$1.40 /100g,,,https://product-images.metro.ca/images/h18/h8b/9916671164446.jpg,https://www.metro.ca/en/online-grocery/search-page-290
DONUT TIME,Glazed Donuts,12x550 g,"$5.99
 ea.",,$1.09 /100g,,,https://product-images.metro.ca/images/he8/hdb/9894853836830.jpg,https://www.metro.ca/en/online-grocery/search-page-290
BORÉALE,"Lager Beer, Contrée Lointaine",473 mL,"$4.99
 ea.",,$1.05 /100ml,,,,https://www.metro.ca/en/online-grocery/search-page-290
BORÉALE,"New Zealand-Style Lager Beer, Apteryx",473 mL,"$4.99
 ea.",,$1.05 /100ml,,,,https://www.metro.ca/en/online-grocery/search-page-290
BORÉALE,"Cold IPA Beer, La Petite Peste",473 mL,"$5.99
 ea.",,$1.27 /100ml,,,,https://www.metro.ca/en/online-grocery/search-page-290
BORÉALE,"Double NEIPA Beer, Ligue Majeure",473 mL,"$5.99
 ea.",,$1.27 /100ml,,,,https://www.metro.ca/en/online-grocery/search-page-290
BORÉALE,Berry Sour Beer,473 mL,"$6.49
 ea.",,$1.37 /100ml,,,https://www.metro.ca/images/shared/placeholders/icon-no-picture.svg?v=2023.71.1.d1,https://www.metro.ca/en/online-grocery/search-page-291
BORÉALE,"Blackberry And Apricot Beer, Tentation",473 mL,"$6.49
 ea.",,$1.37 /100ml,,,,https://www.metro.ca/en/online-grocery/search-page-291
FAIRLIFE,2% Lactose Free Milk,1.5 L,"$6.29
 ea.",,$0.42 /100ml,,,https://product-images.metro.ca/images/h83/h16/10495810469918.jpg,https://www.metro.ca/en/online-grocery/search-page-291
ZINDA,Medium Couscous,907 g,"$5.49
 ea.",,$0.61 /100g,,,https://product-images.metro.ca/images/h09/h16/10123793760286.jpg,https://www.metro.ca/en/online-grocery/search-page-291
SODASTREAM,Root Beer Flavoured Sparkling Drink Mix,440 mL,"$7.99
 ea.",,$1.82 /100ml,,,https://product-images.metro.ca/images/hc9/h03/11198325784606.jpg,https://www.metro.ca/en/online-grocery/search-page-291
FEVER-TREE,Club Soda,8x150 mL,"$12.99
 ea.",,$8.66 /100ml,,,https://product-images.metro.ca/images/h18/h8b/11148702941214.jpg,https://www.metro.ca/en/online-grocery/search-page-291
SODASTREAM,Orange Flavoured Sparkling Drink Mix,40 mL,"$6.99
 ea.",,$17.48 /100ml,,,https://product-images.metro.ca/images/h81/h71/11161790611486.jpg,https://www.metro.ca/en/online-grocery/search-page-291
BRÛLERIES FARO,House Blend Medium Roasted Ground Coffee,400 g,"$13.99
 ea.",,$3.50 /100g,,,https://product-images.metro.ca/images/hee/hc9/10073898090526.jpg,https://www.metro.ca/en/online-grocery/search-page-291
BRÛLERIES FARO,Italian Espresso Medium Roasted Coffee Beans,400 g,"$13.99
 ea.",,$3.50 /100g,,,https://product-images.metro.ca/images/h8e/h3e/10073356009502.jpg,https://www.metro.ca/en/online-grocery/search-page-291
BRÛLERIES FARO,Roaster'S Espresso Medium Roast Coffee Beans,400 g,"$13.99
 ea.",,$3.50 /100g,,,https://product-images.metro.ca/images/hc0/ha9/10244638015518.jpg,https://www.metro.ca/en/online-grocery/search-page-291
SODASTREAM,Pepsi™ Flavoured Water Enhancement,440 mL,"$7.99
 ea.",,$1.82 /100ml,,,https://product-images.metro.ca/images/h6c/hb9/12191951192094.jpg,https://www.metro.ca/en/online-grocery/search-page-291
FEVER-TREE,Pink Grapefruit Flavoured Sparkling Water,4x200 mL,"$8.49
 ea.",,$1.06 /100ml,,,https://product-images.metro.ca/images/h1f/h61/10225778491422.jpg,https://www.metro.ca/en/online-grocery/search-page-291
SODASTREAM,"Peach Flavoured Water Enhancer, Bubly Drops",40 mL,"$6.99
 ea.",,$11.27 /100ml,,,,https://www.metro.ca/en/online-grocery/search-page-291
SODASTREAM,"Pineapple Flavoured Water Enhancer, Bubly Drops",40 mL,"$6.99
 ea.",,$11.27 /100ml,,,,https://www.metro.ca/en/online-grocery/search-page-291
ZINDA,Tricolor Pearl Couscous,600 g,"$4.79
 ea.",,$0.80 /100g,,,https://product-images.metro.ca/images/hae/h1a/10541895942174.jpg,https://www.metro.ca/en/online-grocery/search-page-291
ZINDA,Whole Wheat Couscous,907 g,"$5.49
 ea.",,$0.61 /100g,,,https://product-images.metro.ca/images/h17/hc1/11205266669598.jpg,https://www.metro.ca/en/online-grocery/search-page-291
SAVOURA,Cerizo Tomato,680 g,"$9.99
 ea.",,$1.47 /100g,,,https://product-images.metro.ca/images/h8b/h42/11742202462238.jpg,https://www.metro.ca/en/online-grocery/search-page-291
SAVOURA,Cocktalio Tomato,1.5 lb,"$7.99
 ea.",,$1.17 /100lb.,,,https://www.metro.ca/images/shared/placeholders/icon-no-picture.svg?v=2023.71.1.d1,https://www.metro.ca/en/online-grocery/search-page-291
LA TREMPETTE À BARRETTE,Garlic Dip,225 g,"$4.99
 ea.",,$2.22 /100g,"Regular price
$5.49  ea.","Valid until Jan 17, 2024",https://product-images.metro.ca/images/h08/h3b/11461856657438.jpg,https://www.metro.ca/en/online-grocery/search-page-291
LA TREMPETTE À BARRETTE,Light Dip With Spinach,200 g,"$4.99
 ea.",,$2.50 /100g,"Regular price
$5.49  ea.","Valid until Jan 17, 2024",https://product-images.metro.ca/images/ha7/h9d/11461892243486.jpg,https://www.metro.ca/en/online-grocery/search-page-291
LA TREMPETTE À BARRETTE,Curry Dip,225 g,"$4.99
 ea.",,$2.22 /100g,"Regular price
$5.49  ea.","Valid until Jan 17, 2024",https://product-images.metro.ca/images/h6c/hd7/10244794384414.jpg,https://www.metro.ca/en/online-grocery/search-page-291
CUISINE POIRIER,"Onion, Garlic, And Dill Flavoured Ranch Dip",310 g,"$4.99
 ea.",,$1.61 /100g,,,https://product-images.metro.ca/images/hb1/h17/11754286120990.jpg,https://www.metro.ca/en/online-grocery/search-page-291
CUISINE POIRIER,"Sriracha, Garlic, And Chipotle Pepper Flavoured Spic...",310 g,"$4.99
 ea.",,$1.61 /100g,,,,https://www.metro.ca/en/online-grocery/search-page-291
CUISINE POIRIER,"Shallot, Garlic, And Chive Flavoured Fresh Herb Dip",310 g,"$4.99
 ea.",,$1.61 /100g,,,https://product-images.metro.ca/images/he3/h3a/11754284515358.jpg,https://www.metro.ca/en/online-grocery/search-page-291
SKINNY POP,Gluten-Free Sea Salt Flavoured Popcorn,476 g,"$7.49
 ea.",,$1.57 /100g,,,https://product-images.metro.ca/images/h8b/had/10190290223134.jpg,https://www.metro.ca/en/online-grocery/search-page-291
SKINNY POP,Gluten-Free Butter Flavoured Popcorn,476 g,"$7.49
 ea.",,$1.57 /100g,,,https://product-images.metro.ca/images/h41/hfc/10191000895518.jpg,https://www.metro.ca/en/online-grocery/search-page-291
ROMEO'S GIN,Mandarine-Elderflower Ready-To-Drink Non-Alcoholic C...,4x355 mL,"$9.99
 ea.",,$0.70 /100ml,,,,https://www.metro.ca/en/online-grocery/search-page-291
ROMEO'S GIN,Lemon-Cucumber Ready-To-Drink Non-Alcoholic Cocktail...,355 mL,"$2.99
 ea.",,$0.84 /100ml,,,,https://www.metro.ca/en/online-grocery/search-page-291
ROMEO'S GIN,Lemon-Cucumber Ready-To-Drink Non-Alcoholic Cocktail...,4x355 mL,"$9.99
 ea.",,$0.70 /100ml,,,,https://www.metro.ca/en/online-grocery/search-page-291
ROMEO'S GIN,Blood Orange And Rhubarb Flavoured Ready-To-Drink No...,4x355 mL,"$9.99
 ea.",,$0.70 /100ml,,,,https://www.metro.ca/en/online-grocery/search-page-291
ROMEO'S GIN,Mandarine And Elderflower Flavoured Ready-To-Drink N...,355 mL,"$2.99
 ea.",,$0.84 /100ml,,,,https://www.metro.ca/en/online-grocery/search-page-292
ROMEO'S GIN,Blood Orange And Rhubarb Flavoured Ready-To-Drink No...,355 mL,"$2.99
 ea.",,$0.84 /100ml,,,,https://www.metro.ca/en/online-grocery/search-page-292
ROMEO'S GIN,"Watermelon-Lime Non-Alcoholic Cocktails, Gin Soda",4x355 mL,"$9.99
 ea.",,$0.47 /100ml,,,,https://www.metro.ca/en/online-grocery/search-page-292
ROMEO'S GIN,Watermelon And Lime Flavoured Ready-To-Drink Non-Alc...,355 mL,"$2.99
 ea.",,$0.84 /100ml,,,,https://www.metro.ca/en/online-grocery/search-page-292
ROMEO'S GIN,Alcohol Free Gin Sparkling Cocktail Mix Pack,8x355 mL,"$18.99
 ea.",,$0.67 /100ml,,,https://product-images.metro.ca/images/hea/he4/11860766654494.jpg,https://www.metro.ca/en/online-grocery/search-page-292
IMPOSSIBLE,Plant Based Chicken Nuggets,383 g,"$11.49
 ea.",,$3.00 /100g,"Regular price
$11.99  ea.","Valid until Jan 17, 2024",https://product-images.metro.ca/images/hfd/h0e/10967934042142.jpg,https://www.metro.ca/en/online-grocery/search-page-292
AKI SUSHI,Miki Sushi Plate,296 g,"$13.99
 ea.",,$4.73 /100g,,,https://product-images.metro.ca/images/h34/hf1/11442811731998.jpg,https://www.metro.ca/en/online-grocery/search-page-292
AKI SUSHI,Kamikaze Salmon Sushi Plate,171 g,"$10.99
 ea.",,$6.43 /100g,,,https://product-images.metro.ca/images/h3c/h2d/11442808258590.jpg,https://www.metro.ca/en/online-grocery/search-page-292
AKI SUSHI,Tempura And Vegetables Poke Bowl,440 g,"$13.99
 ea.",,$3.18 /100g,,,https://product-images.metro.ca/images/h18/hb9/11442797314078.jpg,https://www.metro.ca/en/online-grocery/search-page-292
AKI SUSHI,Vegetarian Combo,283 g - 14 pieces,"$13.99
 ea.",,$4.94 /100g,,,https://product-images.metro.ca/images/h8c/h3f/11442800853022.jpg,https://www.metro.ca/en/online-grocery/search-page-292
AKI SUSHI,Sakana Sushi Plate,334 g,"$17.99
 ea.",,$5.39 /100g,,,https://product-images.metro.ca/images/hc8/hae/11442797379614.jpg,https://www.metro.ca/en/online-grocery/search-page-292
RUSTICA,Original Stone Baked Pizza Crust,"2un, 650 g","$8.49
 ea.",,$1.31 /100g,,,https://product-images.metro.ca/images/hf5/he3/10020702617630.jpg,https://www.metro.ca/en/online-grocery/search-page-292
DORSET CEREALS,Nut Cereal,560 g,"$7.49
 ea.",,$1.34 /100g,"Regular price
$8.99  ea.","Valid until Feb 7, 2024",https://product-images.metro.ca/images/h33/hd6/11244080594974.jpg,https://www.metro.ca/en/online-grocery/search-page-292
FAVUZZI,Champagne Vinegar,250 mL,"$13.99
 ea.",,$5.60 /100ml,,,https://product-images.metro.ca/images/hfc/hd4/9534724603934.jpg,https://www.metro.ca/en/online-grocery/search-page-292
FAVUZZI,Italian Basil Pesto,180 g,"$10.99
 ea.",,$6.11 /100g,,,https://product-images.metro.ca/images/h70/had/10184300822558.jpg,https://www.metro.ca/en/online-grocery/search-page-292
FAVUZZI,Diced Italian Tomatoes,796 mL,"$4.99
 ea.",,$0.63 /100ml,,,https://product-images.metro.ca/images/hc2/h11/10184414265374.jpg,https://www.metro.ca/en/online-grocery/search-page-292
FAVUZZI,Cherry Tomatoes,796 mL,"$2.99
 ea.",,$0.75 /100ml,,,https://product-images.metro.ca/images/hbe/h65/10105538936862.jpg,https://www.metro.ca/en/online-grocery/search-page-292
FAVUZZI,Gluten Free Passata Strained Tomatoes,480 mL,"$4.29
 ea.",,$0.89 /100ml,,,https://product-images.metro.ca/images/h25/h1d/10105490898974.jpg,https://www.metro.ca/en/online-grocery/search-page-292
FAVUZZI,Peeled Italian Tomatoes,796 mL,"$4.99
 ea.",,$0.63 /100ml,,,https://product-images.metro.ca/images/h86/h01/10105509314590.jpg,https://www.metro.ca/en/online-grocery/search-page-292
FAVUZZI,Tipo 00 Pizza Flour,1 kg,"$5.29
 ea.",,$0.53 /100g,,,https://product-images.metro.ca/images/h3f/h33/10220874137630.jpg,https://www.metro.ca/en/online-grocery/search-page-292
FAVUZZI,Fregola Pasta,500 g,"$5.99
 ea.",,$1.20 /100g,,,https://product-images.metro.ca/images/h74/h8f/10323489423390.jpg,https://www.metro.ca/en/online-grocery/search-page-292
FAVUZZI,San Marzano Tomatoes,796 mL,"$7.49
 ea.",,$0.94 /100ml,,,https://product-images.metro.ca/images/h9a/h9b/11601268310046.jpg,https://www.metro.ca/en/online-grocery/search-page-292
GLUTENBERG,Gluten-Free Red Ale,4x473 mL - cans,"$10.99
 ea.",,$0.58 /100ml,"Regular price
$11.99  ea.","Valid until Feb 7, 2024",https://product-images.metro.ca/images/h0e/hb5/10455020077086.jpg,https://www.metro.ca/en/online-grocery/search-page-292
GLUTENBERG,Gluten-Free IPA Beer,4x473 mL - cans,"$10.99
 ea.",,$0.58 /100ml,"Regular price
$11.99  ea.","Valid until Feb 7, 2024",https://product-images.metro.ca/images/h15/h8b/10455231430686.jpg,https://www.metro.ca/en/online-grocery/search-page-292
GLUTENBERG,Gluten-Free White Beer,4x473 mL - cans,"$10.99
 ea.",,$0.58 /100ml,"Regular price
$11.99  ea.","Valid until Feb 7, 2024",https://product-images.metro.ca/images/he5/hcf/10455096262686.jpg,https://www.metro.ca/en/online-grocery/search-page-292
FAVUZZI,Spicy Extra Virgin Olive Oil For Pizza,250 mL,"$16.99
 ea.",,$6.80 /100ml,,,https://product-images.metro.ca/images/hfe/h86/10454905880606.jpg,https://www.metro.ca/en/online-grocery/search-page-292
FAVUZZI,Carnaroli Rice,500 g,"$9.49
 ea.",,$1.90 /100g,,,https://product-images.metro.ca/images/hb3/h84/10950424920094.jpg,https://www.metro.ca/en/online-grocery/search-page-292
FAVUZZI,Fettuccine Pasta,250 g,"$7.29
 ea.",,$2.92 /100g,,,https://product-images.metro.ca/images/h57/h29/11205342232606.jpg,https://www.metro.ca/en/online-grocery/search-page-292
FAVUZZI,Yellow Corn Flour,500 g,"$5.99
 ea.",,$1.20 /100g,"Regular price
$6.49  ea.","Valid until Jan 24, 2024",https://product-images.metro.ca/images/h94/hb0/11205296816158.jpg,https://www.metro.ca/en/online-grocery/search-page-292
FAVUZZI,Pistachio Cream,180 g,"$14.99
 ea.",,$8.33 /100g,,,https://product-images.metro.ca/images/he5/hd2/12084038139934.jpg,https://www.metro.ca/en/online-grocery/search-page-293
FAVUZZI,Truffle Olives,280 g,"$9.99
 ea.",,$3.57 /100g,"Regular price
$10.99  ea.","Valid until Jan 24, 2024",https://product-images.metro.ca/images/h11/h49/11161974243358.jpg,https://www.metro.ca/en/online-grocery/search-page-293
FAVUZZI,Bella Di Cerignola Olives With Lemon,280 g,"$9.99
 ea.",,$3.57 /100g,"Regular price
$10.99  ea.","Valid until Jan 24, 2024",https://product-images.metro.ca/images/h9f/hdf/11205311954974.jpg,https://www.metro.ca/en/online-grocery/search-page-293
FAVUZZI,Spicy Garlic Olives,280 g,"$9.99
 ea.",,$3.57 /100g,"Regular price
$10.99  ea.","Valid until Jan 24, 2024",https://product-images.metro.ca/images/hbc/h62/11205240651806.jpg,https://www.metro.ca/en/online-grocery/search-page-293
FAVUZZI,Spicy Olives,280 g,"$9.99
 ea.",,$3.57 /100g,"Regular price
$10.99  ea.","Valid until Jan 24, 2024",https://product-images.metro.ca/images/h9c/h51/11205247565854.jpg,https://www.metro.ca/en/online-grocery/search-page-293
FAVUZZI,Truffle Ketchup,350 mL,"$15.99
 ea.",,$4.57 /100ml,,,https://product-images.metro.ca/images/h87/h11/11198270341150.jpg,https://www.metro.ca/en/online-grocery/search-page-293
FAVUZZI,Slowly Dried Artisanal Pasta,500 g,"$5.99
 ea.",,$1.20 /100g,,,https://product-images.metro.ca/images/hfb/h6b/11514380550174.jpg,https://www.metro.ca/en/online-grocery/search-page-293
FAVUZZI,Sicilian Tomato Sauce,480 mL,"$7.99
 ea.",,$1.66 /100ml,,,https://product-images.metro.ca/images/hd1/h24/11514514538526.jpg,https://www.metro.ca/en/online-grocery/search-page-293
FAVUZZI,Double Concentrated Tomato Paste,115 mL,"$4.49
 ea.",,$3.90 /100ml,,,https://www.metro.ca/images/shared/placeholders/icon-no-picture.svg?v=2023.71.1.d1,https://www.metro.ca/en/online-grocery/search-page-293
TWIST CHEEZ,Bbq Flavoured Cheese,50 g,"$2.79
 ea.",,$5.58 /100g,"Regular price
$2.99  ea.","Valid until Jan 17, 2024",https://product-images.metro.ca/images/h8e/h8a/10323329384478.jpg,https://www.metro.ca/en/online-grocery/search-page-293
TWIST CHEEZ,Original Cheese Twists,50 g,"$2.79
 ea.",,$5.58 /100g,"Regular price
$2.99  ea.","Valid until Jan 17, 2024",https://product-images.metro.ca/images/ha1/h20/10950557138974.jpg,https://www.metro.ca/en/online-grocery/search-page-293
RUFUS TEAGUE,Honey Sweet Barbecue Sauce,330 mL,"$10.99
 ea.",,$3.33 /100ml,,,https://product-images.metro.ca/images/hfe/h2e/10184639578142.jpg,https://www.metro.ca/en/online-grocery/search-page-293
RISE KOMBUCHA,Peach And Mango Flavoured Kombucha,414 mL,"$3.69
 ea.",,$0.89 /100ml,"Regular price
$4.29  ea.","Valid until Feb 14, 2024",https://product-images.metro.ca/images/h4f/hbc/11351729963038.jpg,https://www.metro.ca/en/online-grocery/search-page-293
RUFUS TEAGUE,Gluten Free Whiskey Maple BBQ Sauce,330 mL,"$10.99
 ea.",,$3.33 /100ml,,,https://product-images.metro.ca/images/hdc/h03/10230069887006.jpg,https://www.metro.ca/en/online-grocery/search-page-293
RUFUS TEAGUE,Gluten Free Touch O' Heat BBQ Sauce,330 mL,"$10.99
 ea.",,$3.33 /100ml,,,https://product-images.metro.ca/images/hdc/h09/10230086860830.jpg,https://www.metro.ca/en/online-grocery/search-page-293
RISE KOMBUCHA,Organic Kiwi And Pineapple Sparkling Fermented Beverage,1 L,"$9.29
 ea.",,$0.93 /100ml,,,https://product-images.metro.ca/images/h76/ha9/11198177443870.jpg,https://www.metro.ca/en/online-grocery/search-page-293
DI MARTINO,Penne,500 g,"$3.99
 ea.",,$0.80 /100g,,,https://product-images.metro.ca/images/hec/h53/12192165724190.jpg,https://www.metro.ca/en/online-grocery/search-page-293
DI MARTINO,Tofette,500 g,"$3.99
 ea.",,$0.80 /100g,,,https://product-images.metro.ca/images/h9f/hc2/12192163364894.jpg,https://www.metro.ca/en/online-grocery/search-page-293
LE CASTOR BREWING CO.,"Organic IPA Beer, Yakima IPA",473 mL - can,"$4.79
 ea.",,$1.01 /100ml,,,,https://www.metro.ca/en/online-grocery/search-page-293
LE CASTOR BREWING CO.,Organic Oatmeal Stout Beer,473 mL - can,"$4.29
 ea.",,$0.91 /100ml,,,https://product-images.metro.ca/images/he1/h79/9289323020318.jpg,https://www.metro.ca/en/online-grocery/search-page-293
LE CASTOR BREWING CO.,"Organic ISA Beer, Session Houblon",473 mL,"$4.29
 ea.",,$0.91 /100ml,,,,https://www.metro.ca/en/online-grocery/search-page-293
LE CASTOR BREWING CO.,Organic Pilsner Beer,473 mL,"$4.29
 ea.",,$0.91 /100ml,,,https://product-images.metro.ca/images/hfb/h67/10073382322206.jpg,https://www.metro.ca/en/online-grocery/search-page-293
LE CASTOR BREWING CO.,Organic West Coast Lager Beer,473 mL,"$4.79
 ea.",,$1.01 /100ml,,,https://product-images.metro.ca/images/h02/hd0/10244426989598.jpg,https://www.metro.ca/en/online-grocery/search-page-293
LE CASTOR BREWING CO.,"Organic Strong Black IPA Beer, L'Éclipse",473 mL - can,"$4.79
 ea.",,$1.01 /100ml,,,,https://www.metro.ca/en/online-grocery/search-page-293
GRANDMA'S BEES,Mint And Honey Flavoured Drops,80 g,"$3.49
 ea.",,$4.36 /100g,,,https://product-images.metro.ca/images/h42/h87/10520610177054.jpg,https://www.metro.ca/en/online-grocery/search-page-293
MEOW MIX,Original Cat Food,8 kg,"$26.99
 ea.",,$26.99 /un.,,,https://product-images.metro.ca/images/ha5/he6/11666291294238.jpg,https://www.metro.ca/en/online-grocery/search-page-293
SODASTREAM,Berry Flavoured Sparkling Drink Mix,440 mL,"$7.99
 ea.",,$1.82 /100ml,,,https://product-images.metro.ca/images/hec/ha6/11198154047518.jpg,https://www.metro.ca/en/online-grocery/search-page-293
SODASTREAM,Orange Flavoured Sparkling Drink Mix,440 mL,"$7.99
 ea.",,$1.82 /100ml,,,https://product-images.metro.ca/images/h85/h59/12192023314462.jpg,https://www.metro.ca/en/online-grocery/search-page-293
SODASTREAM,Blackberry Flavoured Sparkling Drink Mix,40 mL,"$6.99
 ea.",,$17.48 /100ml,,,https://product-images.metro.ca/images/hdc/hd7/11161789202462.jpg,https://www.metro.ca/en/online-grocery/search-page-293
SODASTREAM,Cherry Flavoured Sparkling Drink Mix,40 mL,"$6.99
 ea.",,$17.48 /100ml,,,https://product-images.metro.ca/images/h0f/h85/11161792643102.jpg,https://www.metro.ca/en/online-grocery/search-page-293
SODASTREAM,Grapefruit Flavoured Sparkling Drink Mix,40 mL,"$6.99
 ea.",,$17.48 /100ml,,,https://product-images.metro.ca/images/hda/hf0/11161794543646.jpg,https://www.metro.ca/en/online-grocery/search-page-294
SODASTREAM,Lime Flavoured Sparkling Drink Mix,40 mL,"$6.99
 ea.",,$17.48 /100ml,,,https://product-images.metro.ca/images/hff/h20/11161788874782.jpg,https://www.metro.ca/en/online-grocery/search-page-294
SODASTREAM,Strawberry Flavoured Sparkling Drink Mix,40 mL,"$6.99
 ea.",,$17.48 /100ml,,,https://product-images.metro.ca/images/hbe/h77/11161794445342.jpg,https://www.metro.ca/en/online-grocery/search-page-294
BRÛLERIES FARO,Smooth Colombian Light Roasted Grounded Coffee,400 g,"$13.99
 ea.",,$3.50 /100g,,,https://product-images.metro.ca/images/h35/h48/10244659642398.jpg,https://www.metro.ca/en/online-grocery/search-page-294
SODASTREAM,Diet Pepsi™ Flavoured Water Enhancement,440 mL,"$7.99
 ea.",,$1.82 /100ml,,,https://product-images.metro.ca/images/h6d/h04/11198176657438.jpg,https://www.metro.ca/en/online-grocery/search-page-294
SODASTREAM,7-UP™ Flavoured Water Enhancement,440 mL,"$7.99
 ea.",,$1.82 /100ml,,,https://product-images.metro.ca/images/h88/h4a/11198183309342.jpg,https://www.metro.ca/en/online-grocery/search-page-294
BRÛLERIES FARO,Dark Colombian Dark Roasted Ground Coffee,400 g,"$13.99
 ea.",,$3.50 /100g,,,https://product-images.metro.ca/images/he1/hfc/10073786417182.jpg,https://www.metro.ca/en/online-grocery/search-page-294
BRÛLERIES FARO,Liscio Medium Roast Ground Coffee,400 g,"$13.99
 ea.",,$3.50 /100g,,,https://product-images.metro.ca/images/h3c/hfe/10073453166622.jpg,https://www.metro.ca/en/online-grocery/search-page-294
FEVER-TREE,Ginger Beer,8x150 mL,"$12.99
 ea.",,$8.66 /100ml,,,https://product-images.metro.ca/images/hb0/h10/12122265124894.jpg,https://www.metro.ca/en/online-grocery/search-page-294
BRÛLERIES FARO,Classic Italian Espresso Coffee Beans,908 g,"$19.99
 ea.",,$2.20 /100g,,,https://www.metro.ca/images/shared/placeholders/icon-no-picture.svg?v=2023.71.1.d1,https://www.metro.ca/en/online-grocery/search-page-294
SODASTREAM,Carbonating Bottles,3x1 L,"$19.99
 ea.",,$666.33 /100ml,,,https://www.metro.ca/images/shared/placeholders/icon-no-picture.svg?v=2023.71.1.d1,https://www.metro.ca/en/online-grocery/search-page-294
RUSTICA,Original Stone Baked Pizza Crust,"3un, 345 g","$6.19
 ea.",,$1.79 /100g,,,https://product-images.metro.ca/images/h81/h91/10020703436830.jpg,https://www.metro.ca/en/online-grocery/search-page-294
MATT & STEVE'S,Garlic And Dill Marinated Asparagus,500 mL,"$6.49
 ea.",,$1.30 /100ml,"Regular price
$7.49  ea.","Valid until Jan 24, 2024",https://product-images.metro.ca/images/h47/he6/9346376794142.jpg,https://www.metro.ca/en/online-grocery/search-page-294
MATT & STEVE'S,"Hot And Spicy Marinated Asparagus, Asparagoos",500 mL,"$6.49
 ea.",,$1.30 /100ml,"Regular price
$7.49  ea.","Valid until Jan 24, 2024",,https://www.metro.ca/en/online-grocery/search-page-294
MATT & STEVE'S,Hot And Spicy Pickle Spears,750 mL,"$5.49
 ea.",,$0.73 /100ml,"Regular price
$6.29  ea.","Valid until Jan 24, 2024",https://product-images.metro.ca/images/h2c/h22/10413491257374.jpg,https://www.metro.ca/en/online-grocery/search-page-294
DOMAINE DE LAVOIE,Quebec Rosé Wine,750 mL,"$12.99
 ea.",,$1.73 /100ml,,,https://product-images.metro.ca/images/h4d/h82/9647230255134.jpg,https://www.metro.ca/en/online-grocery/search-page-294
VIGNOBLE DE L'ORPAILLEUR,Quebec Rosé Wine,750 mL,"$15.99
 ea.",,$2.13 /100ml,,,https://product-images.metro.ca/images/h5c/h93/9288404008990.jpg,https://www.metro.ca/en/online-grocery/search-page-294
VIGNOBLE DE L'ORPAILLEUR,Quebec Red Wine,750 mL,"$15.99
 ea.",,$2.13 /100ml,,,https://product-images.metro.ca/images/hd5/h0b/9430706978846.jpg,https://www.metro.ca/en/online-grocery/search-page-294
VIGNOBLE DE L'ORPAILLEUR,Quebec White Wine,750 mL,"$15.99
 ea.",,$2.13 /100ml,,,https://product-images.metro.ca/images/h0a/h15/9434448560158.jpg,https://www.metro.ca/en/online-grocery/search-page-294
CALEDON FARMS,Sweet Potato Chews For Dogs,265 g,"$10.99
 ea.",,$4.15 /100g,,,https://product-images.metro.ca/images/h66/h68/10705315692574.jpg,https://www.metro.ca/en/online-grocery/search-page-294
CALEDON FARMS,Beef Flavoured Dog Treats,220 g,"$10.99
 ea.",,$5.00 /100g,,,https://product-images.metro.ca/images/h05/hb6/10710669000734.jpg,https://www.metro.ca/en/online-grocery/search-page-294
CALEDON FARMS,Beef Liver Dog Treats,150 g,"$10.99
 ea.",,$7.33 /100g,,,https://product-images.metro.ca/images/h8b/h89/10705328963614.jpg,https://www.metro.ca/en/online-grocery/search-page-294
CALEDON FARMS,Bacon Flavoured Dog Treats,140 g,"$10.99
 ea.",,$7.85 /100g,,,https://product-images.metro.ca/images/h3c/h37/10705330372638.jpg,https://www.metro.ca/en/online-grocery/search-page-294
OH! M'AIL M'AIL,Garlic Puree,125 g,"$4.99
 ea.",,$3.99 /100g,,,https://product-images.metro.ca/images/h85/h42/10464834912286.jpg,https://www.metro.ca/en/online-grocery/search-page-294
HILL STREET,"Alcohol-Free Red Wine, Vin (Zero)",750 mL,"$9.99
 ea.",,$1.33 /100ml,"Regular price
$10.49  ea.","Valid until Feb 7, 2024",,https://www.metro.ca/en/online-grocery/search-page-294
HILL STREET,Alcohol-Free White Wine,750 mL,"$9.99
 ea.",,$1.33 /100ml,"Regular price
$10.49  ea.","Valid until Feb 7, 2024",https://product-images.metro.ca/images/hb9/h40/11103169445918.jpg,https://www.metro.ca/en/online-grocery/search-page-294
FAVUZZI,Organic Peeled Italian Tomato,398 mL,"$3.49
 ea.",,$0.88 /100ml,,,https://product-images.metro.ca/images/hde/hff/9916600582174.jpg,https://www.metro.ca/en/online-grocery/search-page-294
TANGRAM BREWING CO.,"Organic Berliner Weisse-Style Beer, Like A Butterfly...",473 ml,"$3.99
 ea.",,$0.84 /100ml,"Regular price
$4.49  ea.","Valid until Feb 7, 2024",,https://www.metro.ca/en/online-grocery/search-page-294
MACARONI ET CIE,Cockscomb Shaped Cauliflower Pasta,360 g,"$3.99
 ea.",,$1.11 /100g,,,https://product-images.metro.ca/images/h06/h8e/10792198242334.jpg,https://www.metro.ca/en/online-grocery/search-page-294
FERME BRASSICOLE DES CANTONS,"Double IPA Beer, Back Country",473 mL - canette,"2 / 
$8.99",,$0.95 /100ml,"Regular price
$4.99  ea.","Valid until Feb 7, 2024",,https://www.metro.ca/en/online-grocery/search-page-294
FERME BRASSICOLE DES CANTONS,"IPA Beer, Cowboy",473 mL - canette,"2 / 
$8.99",,$0.95 /100ml,"Regular price
$4.99  ea.","Valid until Feb 7, 2024",,https://www.metro.ca/en/online-grocery/search-page-295
BÂTON ROUGE,Lemon Dill Sauce,45 g,"2 / 
$4.00",,$4.44 /100g,"Regular price
$2.29  ea.","Valid until Jan 24, 2024",https://product-images.metro.ca/images/hd6/he1/11641483788318.jpg,https://www.metro.ca/en/online-grocery/search-page-295
THAÏZONE,Sesame Ginger Sauce,45 g,"2 / 
$4.00",,$4.44 /100g,"Regular price
$2.29  ea.","Valid until Jan 24, 2024",https://product-images.metro.ca/images/hd9/hf0/11488866795550.jpg,https://www.metro.ca/en/online-grocery/search-page-295
THAÏZONE,Broccoli Beef Sauce,45 g,"2 / 
$4.00",,$4.44 /100g,"Regular price
$2.29  ea.","Valid until Jan 24, 2024",https://product-images.metro.ca/images/h6e/h99/11488857358366.jpg,https://www.metro.ca/en/online-grocery/search-page-295
BÂTON ROUGE,Honey Mustard Dressing,425 mL,"$5.49
 ea.",,$1.29 /100ml,"Regular price
$5.99  ea.","Valid until Jan 24, 2024",https://product-images.metro.ca/images/h6d/h62/12051073564702.jpg,https://www.metro.ca/en/online-grocery/search-page-295
BÂTON ROUGE,Pineapple Soy Dressing,425 mL,"$5.49
 ea.",,$1.29 /100ml,"Regular price
$5.99  ea.","Valid until Jan 24, 2024",https://product-images.metro.ca/images/h0f/h8a/12051074744350.jpg,https://www.metro.ca/en/online-grocery/search-page-295
CASA MEXICANA,Corn Tortillas,300 g,"2 / 
$6.00",,$1.00 /100g,"Regular price
$3.29  ea.","Valid until Jan 17, 2024",https://www.metro.ca/images/shared/placeholders/icon-no-picture.svg?v=2023.71.1.d1,https://www.metro.ca/en/online-grocery/search-page-295
MIKES,Gigi Pasta Sauce,435 mL,"$6.79
 ea.",,$1.56 /100ml,,,https://product-images.metro.ca/images/h33/hcd/11883634163742.jpg,https://www.metro.ca/en/online-grocery/search-page-295
BÂTON ROUGE,Seasoned And Tenderized Beef Bavette Steaks,2x150 g,"$19.99
 ea.",,$6.66 /100g,,,https://product-images.metro.ca/images/h82/hd6/12073437265950.jpg,https://www.metro.ca/en/online-grocery/search-page-295
BÂTON ROUGE,"Mushroom, Cheddar And Bacon Flavoured Ready To Serve...",540 mL,"$4.99
 ea.",,$0.92 /100ml,"Regular price
$5.99  ea.","Valid until Jan 24, 2024",,https://www.metro.ca/en/online-grocery/search-page-295
BÂTON ROUGE,Chicken Primavera Flavoured Ready To Serve Soup,540 mL,"$4.99
 ea.",,$0.92 /100ml,"Regular price
$5.99  ea.","Valid until Jan 24, 2024",https://product-images.metro.ca/images/h6d/h57/12171891474462.jpg,https://www.metro.ca/en/online-grocery/search-page-295
MIKES,Sliced Pepperoni,300 g,"$8.29
 ea.",,$2.76 /100g,,,https://product-images.metro.ca/images/had/h88/12258683813918.jpg,https://www.metro.ca/en/online-grocery/search-page-295
LE GRAND,Organic Vegan Sea Salt Butter,227 g,"$7.49
 ea.",,$3.30 /100g,,,https://product-images.metro.ca/images/h06/h00/11574232481822.jpg,https://www.metro.ca/en/online-grocery/search-page-295
LE GRAND,Organic Vegan Unsalted Butter,227 g,"$7.49
 ea.",,$3.30 /100g,,,https://product-images.metro.ca/images/hcc/h76/11574231040030.jpg,https://www.metro.ca/en/online-grocery/search-page-295
BLEU MER,Frozen Smoked Salmon Pizza,340 g,"$14.99
 ea.",,$4.41 /100g,,,https://product-images.metro.ca/images/ha6/ha3/11630082785310.jpg,https://www.metro.ca/en/online-grocery/search-page-295
SEVENTH GENERATION,Clementine Scented Dish Soap,561 mL,"$4.49
 ea.",,$0.80 /100ml,,,https://product-images.metro.ca/images/h18/h22/10323235930142.jpg,https://www.metro.ca/en/online-grocery/search-page-295
PANTENE PRO-V,"Sulfate Free Conditioner With Castor Oil, NutrientBl...",237 mL,"$9.99
 ea.",,$4.22 /100ml,,,,https://www.metro.ca/en/online-grocery/search-page-295
PANTENE PRO-V,"Sulfate Free Hydrating Shampoo With Rose Water, Nutr...",285 mL,"$9.99
 ea.",,$3.51 /100ml,,,,https://www.metro.ca/en/online-grocery/search-page-295
TIPIAK,Roasted Garlic And Olive Oil Grain Delight,145 g,"$3.79
 ea.",,$2.61 /100g,,,https://product-images.metro.ca/images/hae/hab/11590857916446.jpg,https://www.metro.ca/en/online-grocery/search-page-295
DÉLIFRUITS,Original Date Puree,375 g,"$7.99
 ea.",,$2.13 /100g,"Regular price
$9.99  ea.","Valid until Jan 17, 2024",https://product-images.metro.ca/images/ha0/hf1/11493214486558.jpg,https://www.metro.ca/en/online-grocery/search-page-295
DÉLIFRUITS,Strawberry Coulis,240 g,"$5.49
 ea.",,$2.29 /100ml,,,https://www.metro.ca/images/shared/placeholders/icon-no-picture.svg?v=2023.71.1.d1,https://www.metro.ca/en/online-grocery/search-page-295
DÉLIFRUITS,Raspberry Coulis,240 g,"$5.49
 ea.",,$2.29 /100ml,,,https://www.metro.ca/images/shared/placeholders/icon-no-picture.svg?v=2023.71.1.d1,https://www.metro.ca/en/online-grocery/search-page-295
DÉLIFRUITS,Chocolate Coulis,240 g,"$5.49
 ea.",,$2.29 /100ml,,,https://product-images.metro.ca/images/h16/h69/11320052940830.jpg,https://www.metro.ca/en/online-grocery/search-page-295
DÉLICES D'AUTREFOIS,Gluten Free Ricotta Pasta Sauce,700 mL,"$7.79
 ea.",,$1.11 /100ml,,,https://product-images.metro.ca/images/h04/h70/11188536770590.jpg,https://www.metro.ca/en/online-grocery/search-page-295
CINNAROLL,"Cinnamon Rolls, Value Pack",840 g,"$12.99
 ea.",,$1.55 /100g,,,https://product-images.metro.ca/images/h8a/hbd/10366422712350.jpg,https://www.metro.ca/en/online-grocery/search-page-295
CHARLEVOISIENNE,Dry Tomato Basilic Ham,175 g,"$6.49
 ea.",,$3.71 /100g,,,https://www.metro.ca/images/shared/placeholders/icon-no-picture.svg?v=2023.71.1.d1,https://www.metro.ca/en/online-grocery/search-page-295
FIREBARNS HOT SAUCE,Bacon Flavoured Hot Sauce,53 mL,"$4.29
 ea.",,$8.09 /100ml,,,https://product-images.metro.ca/images/h23/hce/11570980552734.jpg,https://www.metro.ca/en/online-grocery/search-page-295
FIREBARNS HOT SAUCE,Rhum Et Chipotle Flavoured Hot Sauce,53 mL,"$4.29
 ea.",,$8.09 /100ml,,,https://product-images.metro.ca/images/h4f/hec/11570981339166.jpg,https://www.metro.ca/en/online-grocery/search-page-295
FIREBARNS HOT SAUCE,Tequila And Lime Flavoured Hot Sauce,53 mL,"$4.29
 ea.",,$8.09 /100ml,,,https://product-images.metro.ca/images/hc5/h7b/11570980061214.jpg,https://www.metro.ca/en/online-grocery/search-page-295
FIREBARNS HOT SAUCE,Original Hot Sauce,53 mL,"$4.29
 ea.",,$8.09 /100ml,,,https://product-images.metro.ca/images/h70/h4a/11570982256670.jpg,https://www.metro.ca/en/online-grocery/search-page-295
CHARLEVOISIENNE,Tomato And Pesto Liver Pâté,125 g,"$4.49
 ea.",,$3.59 /100g,,,https://product-images.metro.ca/images/hd8/hda/10497158905886.jpg,https://www.metro.ca/en/online-grocery/search-page-296
CHARLEVOISIENNE,Selected Varieties Liver Pâté,125 g,"$4.49
 ea.",,$3.59 /100g,,,https://product-images.metro.ca/images/h10/h96/11449709232158.jpg,https://www.metro.ca/en/online-grocery/search-page-296
CHARLEVOISIENNE,Pepper Liver Paté,125 g,"$4.49
 ea.",,$3.59 /100g,,,https://product-images.metro.ca/images/h5f/h0a/11449709789214.jpg,https://www.metro.ca/en/online-grocery/search-page-296
CHARLEVOISIENNE,Herbs Liver Pâté,125 g,"$4.49
 ea.",,$3.59 /100g,,,https://product-images.metro.ca/images/h1b/haa/11449707823134.jpg,https://www.metro.ca/en/online-grocery/search-page-296
CHARLEVOISIENNE,Pork Drip,250 g,"$4.99
 ea.",,$2.00 /100g,,,https://www.metro.ca/images/shared/placeholders/icon-no-picture.svg?v=2023.71.1.d1,https://www.metro.ca/en/online-grocery/search-page-296
NÄAK,Chocolate And Banana Flavoured Energy Bar,50 g,"$2.99
 ea.",,$5.98 /100g,,,https://www.metro.ca/images/shared/placeholders/icon-no-picture.svg?v=2023.71.1.d1,https://www.metro.ca/en/online-grocery/search-page-296
NÄAK,Berries And Nuts Energy Bar,50 g,"$2.99
 ea.",,$5.98 /100g,,,https://product-images.metro.ca/images/h26/hf9/11742494720030.jpg,https://www.metro.ca/en/online-grocery/search-page-296
JULIE SNYDER,Lemon Caesar Dressing,250 mL,"$4.99
 ea.",,$2.00 /100ml,,,https://product-images.metro.ca/images/ha8/h36/10498220228638.jpg,https://www.metro.ca/en/online-grocery/search-page-296
JULIE SNYDER,Sundried Tomato Tofu Spread,225 g,"$6.49
 ea.",,$2.88 /100g,"Regular price
$6.79  ea.","Valid until Jan 17, 2024",https://product-images.metro.ca/images/h4a/h04/10498228879390.jpg,https://www.metro.ca/en/online-grocery/search-page-296
JULIE SNYDER,Turmeric Tofu Spread,225 g,"$6.49
 ea.",,$2.88 /100g,"Regular price
$6.79  ea.","Valid until Jan 17, 2024",https://product-images.metro.ca/images/hf8/he8/10498228518942.jpg,https://www.metro.ca/en/online-grocery/search-page-296
SIMPLY SPIKED,Signature Lemonade Flavoured Alcoholic Malt Beverage,355 mL,"$4.49
 ea.",,$1.26 /100ml,,,https://product-images.metro.ca/images/hea/h42/11643080704030.jpg,https://www.metro.ca/en/online-grocery/search-page-296
SIMPLY SPIKED,Signature Lemonade Flavoured Alcoholic Malt Beverage,6x355 mL,"$13.99
 ea.",,$0.66 /100ml,"Regular price
$15.49  ea.","Valid until Feb 7, 2024",https://product-images.metro.ca/images/h72/h7d/11461931270174.jpg,https://www.metro.ca/en/online-grocery/search-page-296
IRRESISTIBLES,"Medium Roast K-Cup Coffee Pods, Colombian Blend",72 un,"$26.99
 ea.",,$0.37 /un.,,,,https://www.metro.ca/en/online-grocery/search-page-296
LE GREC,Rancher'S Dressing,350 mL,"$3.99
 ea.",,$1.14 /100ml,"Regular price
$4.79  ea.","Valid until Jan 24, 2024",https://product-images.metro.ca/images/h31/hb2/10845213130782.jpg,https://www.metro.ca/en/online-grocery/search-page-296
LIFE SMART,Light Ricotta,400 g,"$7.29
 ea.",,$1.82 /100g,"Regular price
$7.49  ea.","Valid until Jan 17, 2024",https://product-images.metro.ca/images/hd5/h46/9520320315422.jpg,https://www.metro.ca/en/online-grocery/search-page-296
SELECTION,Dishwasher Rinse Aid,621 mL,"$7.29
 ea.",,$1.17 /100ml,,,https://product-images.metro.ca/images/h02/h0e/9773926318110.jpg,https://www.metro.ca/en/online-grocery/search-page-296
IRRESISTIBLES,Goat And Cow'S Milk Feta Cheese,200 g,"$5.79
 ea.",,$2.90 /100g,"Regular price
$5.99  ea.","Valid until Jan 17, 2024",https://product-images.metro.ca/images/hda/h75/11521609433118.jpg,https://www.metro.ca/en/online-grocery/search-page-296
JUST,Frozen Plant Egg,227 g,"$6.29
 ea.",,$2.77 /100g,"Regular price
$7.49  ea.","Valid until Feb 14, 2024",https://product-images.metro.ca/images/hd6/h2c/10686182621214.jpg,https://www.metro.ca/en/online-grocery/search-page-296
HAIKU,Instant Miso Soup With Seaweed,8 g,"$2.99
 ea.",,$37.38 /100g,,,https://product-images.metro.ca/images/h0b/h19/11432859795486.jpg,https://www.metro.ca/en/online-grocery/search-page-296
GENERAL MILLS,"Cereal With Unicorn Marshmallows, Lucky Charms",825 g,"$9.99
 ea.",,$1.21 /100g,,,,https://www.metro.ca/en/online-grocery/search-page-296
SELECTION,Shaved Black Forest Smoked Ham,400 g,"$10.99
 ea.",,$2.75 /100g,,,https://product-images.metro.ca/images/h7a/hba/11521772945438.jpg,https://www.metro.ca/en/online-grocery/search-page-296
FANTINO&MONDELLO,Original Cooked Pancetta,125 g,"$7.49
 ea.",,$5.99 /100g,,,https://product-images.metro.ca/images/h03/hcf/11849566257182.jpg,https://www.metro.ca/en/online-grocery/search-page-296
KNORR,"Three Cheese Pasta, Sidekicks",133 g,"3 / 
$7.00",,$1.75 /100g,"Regular price
$2.79  ea.","Valid until Jan 24, 2024",,https://www.metro.ca/en/online-grocery/search-page-296
OKA,Swiss Style Cheese,1 piece,"$16.36
 avg. ea.",(400 g avg.),$40.90 /kg$18.55 /lb.,,,https://product-images.metro.ca/images/h57/h9b/10997888352286.jpg,https://www.metro.ca/en/online-grocery/search-page-296
OATBOX,Salted Caramel Granola Cereals,300 g,"$6.49
 ea.",,$2.16 /100g,,,https://product-images.metro.ca/images/he5/h23/10308081221662.jpg,https://www.metro.ca/en/online-grocery/search-page-296
GASPÉSIEN,Old Fashioned Smoked Ham,,"$3.49
 / 100 g",,$34.90 /kg$15.83 /lb.,,,https://product-images.metro.ca/images/hf8/h06/11522028929054.jpg,https://www.metro.ca/en/online-grocery/search-page-296
IRRESISTIBLES,"Ranch Dressing, Life Smart",475 mL,"$2.99
 ea.",,$0.63 /100ml,"Regular price
$3.49  ea.","Valid until Jan 24, 2024",,https://www.metro.ca/en/online-grocery/search-page-296
METROGO!,Sliced Green Zucchinis,300 g,"$2.49
 ea.",,$0.83 /100g,,,https://product-images.metro.ca/images/h33/h85/11122319589406.jpg,https://www.metro.ca/en/online-grocery/search-page-296
ALWAYS,Unscented Overnight Pads With Wings Extra Heavy Flow...,22 un,"$10.99
 ea.",,$0.50 /un.,,,,https://www.metro.ca/en/online-grocery/search-page-296
ALWAYS,Unscented Overnight Pads With Wings Heavy Flow Size ...,26 un,"$10.99
 ea.",,$0.42 /un.,,,,https://www.metro.ca/en/online-grocery/search-page-296
PERSONNELLE,Odeur Control Long Panty Shields,40 un,"$3.99
 ea.",,$0.18 /un.,,,https://product-images.metro.ca/images/ha0/h26/9520046309406.jpg,https://www.metro.ca/en/online-grocery/search-page-297
IRRESISTIBLES,2% Strawberry Skyr Yogurts,4x100 g,"$2.99
 ea.",,$0.75 /100g,"Regular price
$4.19  ea.","Valid until Jan 10, 2024",https://product-images.metro.ca/images/hbd/hf2/11068857417758.jpg,https://www.metro.ca/en/online-grocery/search-page-297
PERSONNELLE,Soft Signal Contour Complete Whitening Toothbrush,1 un,"$2.79
 ea.",,$2.79 /un.,,,https://product-images.metro.ca/images/h2e/h3b/9268551221278.jpg,https://www.metro.ca/en/online-grocery/search-page-297
PERSONNELLE,Soft Interdental Toothbrushes With Tongue Cleaner,2 un,"$3.99
 ea.",,$2.00 /un.,"Regular price
$4.99  ea.","Valid until Feb 7, 2024",https://product-images.metro.ca/images/hdb/hea/9268586217502.jpg,https://www.metro.ca/en/online-grocery/search-page-297
PERSONNELLE,Medium Signal Contour Complete Whitening Toothbrush,1 un,"$2.79
 ea.",,$2.79 /un.,,,https://product-images.metro.ca/images/h1c/h3a/9268524023838.jpg,https://www.metro.ca/en/online-grocery/search-page-297
PERSONNELLE,Soft Signal Plus Complete Toothbrushes,2 un,"$3.99
 ea.",,$2.00 /un.,"Regular price
$5.99  ea.","Valid until Feb 7, 2024",https://product-images.metro.ca/images/h6e/h8e/9268549582878.jpg,https://www.metro.ca/en/online-grocery/search-page-297
BABY GOURMET,Organic Carrot Sticks With Lentils And Chick Pea Puf...,40 g,"$4.69
 ea.",,$11.73 /100g,,,,https://www.metro.ca/en/online-grocery/search-page-297
SNACK PACK,Reduced Sugar Lemon And Lime Pudding Cups,4x99 g,"$2.99
 ea.",,$0.76 /100g,,,https://product-images.metro.ca/images/h2f/ha7/11477953347614.jpg,https://www.metro.ca/en/online-grocery/search-page-297
SELECTION,"Corn Flakes Cereal, Corn Flakes",680 g,"$4.99
 ea.",,$0.73 /100g,"Regular price
$5.49  ea.","Valid until Feb 7, 2024",,https://www.metro.ca/en/online-grocery/search-page-297
PEPPERIDGE FARM,Cheddar Flavoured Crackers Made With Vegetables And ...,180 g,"$3.49
 ea.",,$1.94 /100g,"Regular price
$4.19  ea.","Valid until Jan 10, 2024",,https://www.metro.ca/en/online-grocery/search-page-297
BABY GOURMET,Organic Ripe Mango With Avocado And Oats Flavoured P...,128 mL,"$2.79
 ea.",,$2.18 /100ml,,,,https://www.metro.ca/en/online-grocery/search-page-297
ZIPLOC,Large Freezer Bags,60 un,"$12.49
 ea.",,$0.21 /un.,"Regular price
$13.99  ea.","Valid until Feb 7, 2024",https://product-images.metro.ca/images/hca/hb8/11665458397214.jpg,https://www.metro.ca/en/online-grocery/search-page-297
ZIPLOC,Sandwich Bags,270 un,"$12.49
 ea.",,$0.05 /un.,,,https://product-images.metro.ca/images/h00/h02/10151975649310.jpg,https://www.metro.ca/en/online-grocery/search-page-297
RISE KOMBUCHA,Orange And Turmeric Flavoured Organic And Gluten Fre...,1 L,"$9.29
 ea.",,$0.93 /100ml,,,,https://www.metro.ca/en/online-grocery/search-page-297
WINDSOR SALT,Natural Fine Himalayan Pink Salt,500 g,"$7.49
 ea.",,$1.50 /100g,,,https://product-images.metro.ca/images/hcc/hcd/11754230022174.jpg,https://www.metro.ca/en/online-grocery/search-page-297
RISE KOMBUCHA,Lychee And Jasmine Flavoured Organic And Gluten Free...,1 L,"$9.29
 ea.",,$0.93 /100ml,,,,https://www.metro.ca/en/online-grocery/search-page-297
WINDSOR SALT,Natural Coarse Himalayan Pink Salt,500 g,"$7.49
 ea.",,$1.50 /100g,,,https://product-images.metro.ca/images/h2a/hf2/11754230644766.jpg,https://www.metro.ca/en/online-grocery/search-page-297
SELECTION,Old Marble Cheddar Cheese,400 g,"$3.97
 ea.",,$0.99 /100g,"Regular price
$6.49  ea.","Valid until Jan 10, 2024",https://product-images.metro.ca/images/h01/h92/9520127868958.jpg,https://www.metro.ca/en/online-grocery/search-page-297
SELECTION,Mild White Cheddar Cheese,400 g,"$3.97
 ea.",,$0.99 /100g,"Regular price
$6.49  ea.","Valid until Jan 10, 2024",https://product-images.metro.ca/images/h70/h9c/9520124067870.jpg,https://www.metro.ca/en/online-grocery/search-page-297
SELECTION,Mild Marble Cheddar Cheese,400 g,"$3.97
 ea.",,$0.99 /100g,"Regular price
$6.49  ea.","Valid until Jan 10, 2024",https://product-images.metro.ca/images/hd1/h4c/9520125444126.jpg,https://www.metro.ca/en/online-grocery/search-page-297
SELECTION,Old Cheddar Cheese,400 g,"$3.97
 ea.",,$0.99 /100g,"Regular price
$6.49  ea.","Valid until Jan 10, 2024",https://product-images.metro.ca/images/hdd/h04/9520127541278.jpg,https://www.metro.ca/en/online-grocery/search-page-297
SELECTION,Mild Cheddar Cheese,400 g,"$3.97
 ea.",,$0.99 /100g,"Regular price
$6.49  ea.","Valid until Jan 10, 2024",https://product-images.metro.ca/images/h4e/he5/9520121708574.jpg,https://www.metro.ca/en/online-grocery/search-page-297
METROGO!,Mini Smoked Salmon Pizza On Naan Bread,1 un,"$5.99
 ea.",,$5.99 /un.,,,https://product-images.metro.ca/images/h4f/h56/11954579177502.jpg,https://www.metro.ca/en/online-grocery/search-page-297
METROGO!,Mini Seafood Pizza On Naan Bread,1 un,"$5.99
 ea.",,$5.99 /un.,,,https://product-images.metro.ca/images/haa/h4f/11931031207966.jpg,https://www.metro.ca/en/online-grocery/search-page-297
CANADA DRY,Diet Ginger Ale,12x355 mL,"$6.98
 ea.",,$0.16 /100ml,"Regular price
$7.99  ea.","Valid until Jan 10, 2024",https://product-images.metro.ca/images/hf8/hc6/9523629424670.jpg,https://www.metro.ca/en/online-grocery/search-page-297
SELECTION,Grapefruit Flavoured Sparkling Water,1 L,"$0.99
 ea.",,$0.10 /100ml,,,https://product-images.metro.ca/images/h16/h78/10009487147038.jpg,https://www.metro.ca/en/online-grocery/search-page-297
SELECTION,Lemon Flavoured Iced Tea,8x200 mL,"2 / 
$6.50",,$0.20 /100ml,"Regular price
$3.49  ea.","Valid until Jan 24, 2024",https://product-images.metro.ca/images/hf3/he0/10300173942814.jpg,https://www.metro.ca/en/online-grocery/search-page-297
IRRESISTIBLES,"Red Berry Kids Cereal Bars, Naturalia",100 g,"$3.49
 ea.",,$3.49 /100g,"Regular price
$3.99  ea.","Valid until Feb 7, 2024",,https://www.metro.ca/en/online-grocery/search-page-297
IRRESISTIBLES,New York Style Lemon Cheesecake,600 g,"$15.49
 ea.",,$2.58 /100g,"Regular price
$17.49  ea.","Valid until Jan 10, 2024",https://product-images.metro.ca/images/h03/hf5/9285182881822.jpg,https://www.metro.ca/en/online-grocery/search-page-297
IRRESISTIBLES,"Banana And Chocolate Kids Cereal Bars, Naturalia",100 g,"$3.49
 ea.",,$3.49 /100g,"Regular price
$3.99  ea.","Valid until Feb 7, 2024",,https://www.metro.ca/en/online-grocery/search-page-297
SELECTION,Potato Gnocchi,500 g,"$2.49
 ea.",,$0.50 /100g,"Regular price
$3.79  ea.","Valid until Jan 10, 2024",https://product-images.metro.ca/images/h28/h52/9520156868638.jpg,https://www.metro.ca/en/online-grocery/search-page-298
BOB'S RED MILL,Gluten Free Pancake Mix,680 g,"$6.99
 ea.",,$1.03 /100g,"Regular price
$8.29  ea.","Valid until Feb 7, 2024",https://product-images.metro.ca/images/h55/h68/9285528780830.jpg,https://www.metro.ca/en/online-grocery/search-page-298
BÙ,French Red Wine,750 mL,"$17.29
 ea.",,$2.31 /100ml,,,https://product-images.metro.ca/images/h69/he9/10529618198558.jpg,https://www.metro.ca/en/online-grocery/search-page-298
JIF,Dark Roast Creamy Peanut Butter,500 g,"$5.79
 ea.",,$1.16 /100g,,,https://product-images.metro.ca/images/he2/h2f/11412611498014.jpg,https://www.metro.ca/en/online-grocery/search-page-298
MARC ANGELO,Salami Di Primavera,200 g,"$12.99
 ea.",,$6.50 /100g,,,https://product-images.metro.ca/images/h58/h94/11211763580958.jpg,https://www.metro.ca/en/online-grocery/search-page-298
LIFE SMART,Light Havarti Cheese Slices,170 g,"$6.79
 ea.",,$3.99 /100g,"Regular price
$6.99  ea.","Valid until Jan 10, 2024",https://product-images.metro.ca/images/h31/h3b/11257189203998.jpg,https://www.metro.ca/en/online-grocery/search-page-298
LIFE SMART,Lactose-Free Sliced Swiss Cheese,160 g,"$6.79
 ea.",,$4.24 /100g,"Regular price
$6.99  ea.","Valid until Jan 10, 2024",https://product-images.metro.ca/images/h8b/h60/9520251273246.jpg,https://www.metro.ca/en/online-grocery/search-page-298
IRRESISTIBLES,Frozen Coconut Breaded Shrimps With Sweet Chili Sauce,454 g,"$15.99
 ea.",,$3.52 /100g,,,https://product-images.metro.ca/images/h61/hef/10269101785118.jpg,https://www.metro.ca/en/online-grocery/search-page-298
METROGO!,9" All-Dressed Pizza With Bacon,445 g,"$7.79
 ea.",,$1.75 /100g,,,,https://www.metro.ca/en/online-grocery/search-page-298
METROGO!,9" Pepperoni Pizza,375 g,"$7.79
 ea.",,$2.08 /100g,,,,https://www.metro.ca/en/online-grocery/search-page-298
METROGO!,9" All-Dressed Pizza,415 g,"$7.79
 ea.",,$1.88 /100g,,,,https://www.metro.ca/en/online-grocery/search-page-298
SELECTION,Mini Conchigliette Pasta,375 g,"$1.47
 ea.",,$0.39 /100g,"Regular price
$2.69  ea.","Valid until Jan 10, 2024",https://product-images.metro.ca/images/h8d/h43/10402369044510.jpg,https://www.metro.ca/en/online-grocery/search-page-298
IRRESISTIBLES,Belgian Chocolate Cookies,400 g,"$8.99
 ea.",,$2.25 /100g,"Regular price
$11.49  ea.","Valid until Jan 24, 2024",https://product-images.metro.ca/images/he7/hb3/9297528094750.jpg,https://www.metro.ca/en/online-grocery/search-page-298
PREMIÈRE MOISSON,Ciabatta Baguette,325 g,"$3.49
 ea.",,$1.07 /100g,"Regular price
$3.79  ea.","Valid until Jan 10, 2024",https://product-images.metro.ca/images/h6f/hcb/10124599197726.jpg,https://www.metro.ca/en/online-grocery/search-page-298
SELECTION,Lemon Flavoured Sparkling Water,6x1 L,"$4.99
 ea.",,$0.08 /100ml,"Regular price
$5.19  ea.","Valid until Jan 10, 2024",https://product-images.metro.ca/images/he9/h6d/9536346128414.jpg,https://www.metro.ca/en/online-grocery/search-page-298
PREMIÈRE MOISSON,Multigrain Ciabatta Baguette,325 g,"$3.49
 ea.",,$1.07 /100g,"Regular price
$3.79  ea.","Valid until Jan 10, 2024",https://product-images.metro.ca/images/hd7/h7b/11541236514846.jpg,https://www.metro.ca/en/online-grocery/search-page-298
LIFE SMART,Reduced Fat Sliced Provolone Cheese,180 g,"$6.79
 ea.",,$3.77 /100g,"Regular price
$6.99  ea.","Valid until Jan 10, 2024",https://product-images.metro.ca/images/h89/hc1/11257174917150.jpg,https://www.metro.ca/en/online-grocery/search-page-298
LIFE SMART,Reduced Fat Sliced Mozzarella Cheese,180 g,"$6.79
 ea.",,$3.77 /100g,"Regular price
$6.99  ea.","Valid until Jan 10, 2024",https://product-images.metro.ca/images/h93/hff/9520204644382.jpg,https://www.metro.ca/en/online-grocery/search-page-298
CRAVE,Frozen Buffalo Chicken Macaroni And Cheese,300 g,"$4.99
 ea.",,$1.66 /100g,"Regular price
$5.99  ea.","Valid until Feb 14, 2024",https://product-images.metro.ca/images/hff/h2e/11412605468702.jpg,https://www.metro.ca/en/online-grocery/search-page-298
CRAVE,Frozen Smokey BBQ Angus Beef,283 g,"$4.99
 ea.",,$1.76 /100g,"Regular price
$5.99  ea.","Valid until Feb 14, 2024",https://product-images.metro.ca/images/h76/h22/9987160637470.jpg,https://www.metro.ca/en/online-grocery/search-page-298
CRAVE,"Frozen Bacon And Egg Scramble With Cheddar Cheese, A...",200 g,"$4.99
 ea.",,$2.50 /100g,"Regular price
$5.99  ea.","Valid until Feb 14, 2024",,https://www.metro.ca/en/online-grocery/search-page-298
MIKES,Frozen Meat Lasagna,275 g,"$4.99
 ea.",,$1.81 /100g,,,https://product-images.metro.ca/images/h78/h40/11412608024606.jpg,https://www.metro.ca/en/online-grocery/search-page-298
MIKES,Frozen Rigatoni Au Gratin,275 g,"$4.99
 ea.",,$1.81 /100g,,,https://product-images.metro.ca/images/h7a/he4/9531230421022.jpg,https://www.metro.ca/en/online-grocery/search-page-298
TIDY CATS,"Scented Clumping Cat Litter, LightWeight",5.44 kg,"$22.99
 ea.",,$0.42 /100g,"Regular price
$24.99  ea.","Valid until Jan 24, 2024",,https://www.metro.ca/en/online-grocery/search-page-298
CRAVE,Frozen Cheesy Loaded Potatoes With Angus Beef And Bacon,284 g,"$4.99
 ea.",,$1.76 /100g,"Regular price
$5.99  ea.","Valid until Feb 14, 2024",https://product-images.metro.ca/images/ha4/h94/10063371960350.jpg,https://www.metro.ca/en/online-grocery/search-page-298
GOGO QUINOA,Gluten Free Chocolate Chip Quinoa Soft Cookies,168 g,"$5.99
 ea.",,$3.57 /100g,,,https://product-images.metro.ca/images/h70/h96/10421738274846.jpg,https://www.metro.ca/en/online-grocery/search-page-298
TIM HORTONS,Ready To Serve Tomato And Parmesan Soup,540 mL,"4 / 
$10.00",,or $3.49 ea. $0.46 /100ml,"Regular price
$4.79  ea.","Valid until Jan 24, 2024",https://product-images.metro.ca/images/h43/h63/9870854258718.jpg,https://www.metro.ca/en/online-grocery/search-page-298
BONTERRA,Mega Paper Towel,3 un,"$7.99
 ea.",,$2.66 /un.,,,https://product-images.metro.ca/images/h87/h5b/11614616551454.jpg,https://www.metro.ca/en/online-grocery/search-page-298
,Pear Bosc Case,1 un,"$12.99
 ea.",,"$1,299.00 /100un.",,,https://product-images.metro.ca/images/h92/hc0/10958413266974.jpg,https://www.metro.ca/en/online-grocery/search-page-298
CASCADE,"Bathroom Tissue, Fluff",12 un,"$9.99
 ea.",,$0.83 /un.,"Regular price
$11.49  ea.","Valid until Feb 7, 2024",,https://www.metro.ca/en/online-grocery/search-page-298
ST-MÉTHODE,Organic Kamut Bread,550 g,"$6.99
 ea.",,$1.27 /100g,,,https://product-images.metro.ca/images/h9d/h64/11439526576158.jpg,https://www.metro.ca/en/online-grocery/search-page-299
TRADITION,Lemon Lemonade,1.5 L,"$3.99
 ea.",,$0.27 /100ml,,,https://product-images.metro.ca/images/h83/h28/11754389831710.jpg,https://www.metro.ca/en/online-grocery/search-page-299
OCÉAN DE SAVEURS,"Organic Atlantic Spirulina Flakes , AO Nori",20 g,"$12.99
 ea.",,$64.95 /100g,"Regular price
$14.99  ea.","Valid until Jan 17, 2024",https://product-images.metro.ca/images/h88/h04/12272301735966.jpg,https://www.metro.ca/en/online-grocery/search-page-299
OCÉAN DE SAVEURS,Organic Sea Lettuce Flakes,20 g,"$12.99
 ea.",,$64.95 /100g,"Regular price
$14.99  ea.","Valid until Jan 17, 2024",https://product-images.metro.ca/images/h25/h78/12066991669278.jpg,https://www.metro.ca/en/online-grocery/search-page-299
OCÉAN DE SAVEURS,Organic Fisherman'S Herbs Blend,30 g,"$12.99
 ea.",,$43.30 /100g,"Regular price
$14.99  ea.","Valid until Jan 17, 2024",https://product-images.metro.ca/images/h46/hbf/12073584853022.jpg,https://www.metro.ca/en/online-grocery/search-page-299
BEN'S ORIGINAL,"Jambalaya-Style Rice, Bistro Express",240 g,"3 / 
$10.99",,$1.53 /100g,"Regular price
$4.49  ea.","Valid until Jan 24, 2024",,https://www.metro.ca/en/online-grocery/search-page-299
BEN'S ORIGINAL,"Smokey Flavoured Rice With Red Beans, Rice & Pulses",240 g,"3 / 
$10.99",,$1.53 /100g,"Regular price
$4.49  ea.","Valid until Jan 24, 2024",,https://www.metro.ca/en/online-grocery/search-page-299
BEN'S ORIGINAL,"Korean BBQ Flavoured Rice, Spicy Style",240 g,"3 / 
$10.99",,$1.53 /100g,"Regular price
$4.49  ea.","Valid until Jan 24, 2024",,https://www.metro.ca/en/online-grocery/search-page-299
BEN'S ORIGINAL,"Basmati Rice, Bistro Express",250 g,"3 / 
$10.99",,$1.47 /100g,"Regular price
$4.49  ea.","Valid until Jan 24, 2024",,https://www.metro.ca/en/online-grocery/search-page-299
BEN'S ORIGINAL,"Fried-Style Rice, Bistro Express",250 g,"3 / 
$10.99",,$1.47 /100g,"Regular price
$4.49  ea.","Valid until Jan 24, 2024",,https://www.metro.ca/en/online-grocery/search-page-299
BEN'S ORIGINAL,"Creamy Cheddar Cheese Flavoured Rice, Bistro Express",240 g,"3 / 
$10.99",,$1.53 /100g,"Regular price
$4.49  ea.","Valid until Jan 24, 2024",,https://www.metro.ca/en/online-grocery/search-page-299
BEN'S ORIGINAL,"Cheddar And Jalapeño Flavoured Rice, Spicy Style",240 g,"3 / 
$10.99",,$1.53 /100g,"Regular price
$4.49  ea.","Valid until Jan 24, 2024",,https://www.metro.ca/en/online-grocery/search-page-299
BEN'S ORIGINAL,"Wholegrain Brown Rice, Bistro Express",250 g,"3 / 
$10.99",,$1.47 /100g,"Regular price
$4.49  ea.","Valid until Jan 24, 2024",,https://www.metro.ca/en/online-grocery/search-page-299
BEN'S ORIGINAL,"Coconut, Lemongrass And Chili Flavoured Basmati Rice...",240 g,"3 / 
$10.99",,$1.53 /100g,"Regular price
$4.49  ea.","Valid until Jan 24, 2024",,https://www.metro.ca/en/online-grocery/search-page-299
RIVIERA,"2.8% Sea Buckthorn, Pomegranate And Peach Flavoured ...",750 g,"$5.29
 ea.",,$0.71 /100g,,,,https://www.metro.ca/en/online-grocery/search-page-299
RIVIERA,2.8% Acai And Blueberry Flavoured Yogurt,750 g,"$5.29
 ea.",,$0.71 /100g,,,https://product-images.metro.ca/images/h20/h51/11571060277278.jpg,https://www.metro.ca/en/online-grocery/search-page-299
SELECTION,Old-Fashioned Smoked Ham,675 g,"$13.99
 ea.",,$2.07 /100g,,"Valid until Jan 17, 2024",https://product-images.metro.ca/images/hc6/h2e/11521688240158.jpg,https://www.metro.ca/en/online-grocery/search-page-299
SELECTION,Black Forest Smoked Ham,675 g,"$13.99
 ea.",,$2.07 /100g,,"Valid until Jan 17, 2024",https://product-images.metro.ca/images/hc2/h7b/10212362584094.jpg,https://www.metro.ca/en/online-grocery/search-page-299
VILEDA,ProMist MAX Mop,1 un,"$33.99
 ea.",,$33.99 /un.,,,https://product-images.metro.ca/images/hd8/hdd/10184343289886.jpg,https://www.metro.ca/en/online-grocery/search-page-299
BIO-K+,Peach And Turmeric Flavoured Fermented Oat And Pumpk...,6x98 g,"$21.99
 ea.",,$22.44 /100g,"Regular price
$24.49  ea.","Valid until Feb 14, 2024",,https://www.metro.ca/en/online-grocery/search-page-299
IRRESISTIBLES,Frozen Mini Lorraine Quiches,360 g,"$9.99
 ea.",,$2.78 /100g,,,https://product-images.metro.ca/images/hd6/h7d/11521678639134.jpg,https://www.metro.ca/en/online-grocery/search-page-299
IRRESISTIBLES,Frozen Loaded Potato Tots,228 g,"$8.99
 ea.",,$3.94 /100g,,,https://product-images.metro.ca/images/h39/hb5/11521680277534.jpg,https://www.metro.ca/en/online-grocery/search-page-299
LIFE SMART,Frozen Beef Meatballs,500 g,"$11.99
 ea.",,$2.40 /100g,,,https://product-images.metro.ca/images/h5e/h2b/11521705476126.jpg,https://www.metro.ca/en/online-grocery/search-page-299
SELECTION ECO,"Small Compostable Bags, Eco",44 un,"$8.99
 ea.",,$0.20 /un.,"Regular price
$9.99  ea.","Valid until Feb 7, 2024",,https://www.metro.ca/en/online-grocery/search-page-299
LIFE SMART,"Tomato And Basil Pasta Sauce, Organic",700 mL,"2 / 
$8.00",,or $4.99 ea. $0.57 /100ml,"Regular price
$5.49  ea.","Valid until Jan 24, 2024",,https://www.metro.ca/en/online-grocery/search-page-299
LIFE SMART,"Organic Garlic And Herbs Flavoured Pasta Sauce, Natu...",700 mL,"2 / 
$8.00",,or $4.99 ea. $0.57 /100ml,"Regular price
$5.49  ea.","Valid until Jan 24, 2024",,https://www.metro.ca/en/online-grocery/search-page-299
SELECTION,Pecan Halves,350 g,"$13.99
 ea.",,$4.00 /100g,,,https://product-images.metro.ca/images/h93/ha5/10190744125470.jpg,https://www.metro.ca/en/online-grocery/search-page-299
SELECTION,Blanched Sliced Almonds,350 g,"$9.49
 ea.",,$2.71 /100g,,,https://product-images.metro.ca/images/hd6/h0b/10191119056926.jpg,https://www.metro.ca/en/online-grocery/search-page-299
SELECTION,Bologna,675 g,"$6.99
 ea.",,$1.04 /100g,,,https://product-images.metro.ca/images/hb4/ha1/10239414698014.jpg,https://www.metro.ca/en/online-grocery/search-page-299
LIFE SMART,Apple And Cherry Sauce Squeeze Pouches,4x90 g,"$2.49
 ea.",,$2.77 /100g,"Regular price
$2.99  ea.","Valid until Jan 10, 2024",https://product-images.metro.ca/images/hc1/h57/10201651150878.jpg,https://www.metro.ca/en/online-grocery/search-page-299
LIFE SMART,Apple And Blueberry Sauce Squeeze Pouches,4x90 g,"$2.49
 ea.",,$2.77 /100g,"Regular price
$2.99  ea.","Valid until Jan 10, 2024",https://product-images.metro.ca/images/hb0/h86/10269198680094.jpg,https://www.metro.ca/en/online-grocery/search-page-300
LIFE SMART,Apple And Berry Sauce Squeeze Pouches,4x90 g,"$2.49
 ea.",,$2.77 /100g,"Regular price
$2.99  ea.","Valid until Jan 10, 2024",https://product-images.metro.ca/images/h36/hb7/10201663471646.jpg,https://www.metro.ca/en/online-grocery/search-page-300
LIFE SMART,"Apple, Peach And Mango Sauce Squeeze Pouches",4x90 g,"$2.49
 ea.",,$2.77 /100g,"Regular price
$2.99  ea.","Valid until Jan 10, 2024",https://product-images.metro.ca/images/h83/he5/10201692700702.jpg,https://www.metro.ca/en/online-grocery/search-page-300
LIFE SMART,Apple And Pear Sauce Squeeze Pouches,4x90 g,"$2.49
 ea.",,$2.77 /100g,"Regular price
$2.99  ea.","Valid until Jan 10, 2024",https://product-images.metro.ca/images/h8b/hb2/10201641844766.jpg,https://www.metro.ca/en/online-grocery/search-page-300
LIFE SMART,Apple And Strawberry Sauce Squeeze Pouches,4x90 g,"$2.49
 ea.",,$2.77 /100g,"Regular price
$2.99  ea.","Valid until Jan 10, 2024",https://product-images.metro.ca/images/h12/h2b/10200668995614.jpg,https://www.metro.ca/en/online-grocery/search-page-300
LIFE SMART,Apple Sauce Squeeze Pouches,4x90 g,"$2.49
 ea.",,$2.77 /100g,"Regular price
$2.99  ea.","Valid until Jan 10, 2024",https://product-images.metro.ca/images/hc8/h18/10201668255774.jpg,https://www.metro.ca/en/online-grocery/search-page-300
GAIN,"Moonlight Scented Liquid Laundry Detergent, Aroma Boost",32 loads - 1.36 L,"$6.99
 ea.",,$0.51 /100ml,"Regular price
$8.99  ea.","Valid until Feb 7, 2024",,https://www.metro.ca/en/online-grocery/search-page-300
IRRESISTIBLES,"Calabrese Dried Sausage, Artisan",300 g,"2 / 
$19.99",,or $11.49 ea. $3.33 /100g,,"Valid until Jan 10, 2024",,https://www.metro.ca/en/online-grocery/search-page-300
IVORY,"Liquid Laundry Detergent For Newborns, Snow",1.36 L,"$12.99
 ea.",,$0.96 /100ml,"Regular price
$14.49  ea.","Valid until Feb 7, 2024",,https://www.metro.ca/en/online-grocery/search-page-300
BLEU MER,Frozen Salmon Coulibiac,550 g,"$9.99
 ea.",,$1.69 /100g,"Regular price
$10.99  ea.","Valid until Jan 10, 2024",https://product-images.metro.ca/images/h83/h3a/11401403367454.jpg,https://www.metro.ca/en/online-grocery/search-page-300
BOUNCE,"Fresh Scented Mega Dryer Sheets, Pet Hair & Lint Guard",40 un,"$6.49
 ea.",,$0.16 /un.,,,,https://www.metro.ca/en/online-grocery/search-page-300
METROGO!,Panko Shrimp-Stuffed Salmon Roast,1 per tray,"$29.75
 avg. ea.",(750 g avg.),$39.66 /kg$17.99 /lb.,,,https://product-images.metro.ca/images/hf8/hfd/10212547493918.jpg,https://www.metro.ca/en/online-grocery/search-page-300
METROGO!,Shrimp And Vegetable-Stuffed Salmon Roast,1 per tray,"$29.75
 avg. ea.",(750 g avg.),$39.66 /kg$17.99 /lb.,,,https://product-images.metro.ca/images/h92/h7b/10212365893662.jpg,https://www.metro.ca/en/online-grocery/search-page-300
BEN'S ORIGINAL,"Mexican-Style Rice, Natural Select",397 g,"$5.99
 ea.",,$1.51 /100g,,,,https://www.metro.ca/en/online-grocery/search-page-300
BEN'S ORIGINAL,"Chicken And Herb Flavoured Rice, Natural Select",397 g,"$5.99
 ea.",,$1.51 /100g,,,,https://www.metro.ca/en/online-grocery/search-page-300
BEN'S ORIGINAL,Jasmine Rice,460 g,"$6.49
 ea.",,$1.41 /100g,,,https://product-images.metro.ca/images/hd9/h8c/12245550006302.jpg,https://www.metro.ca/en/online-grocery/search-page-300
GAIN,"Original Liquid Laundry Detergent, Aroma Boost",32 loads - 1.36 L,"$6.99
 ea.",,$0.51 /100ml,"Regular price
$8.99  ea.","Valid until Feb 7, 2024",,https://www.metro.ca/en/online-grocery/search-page-300
BEN'S ORIGINAL,"Spanish-Style Rice, Natural Select",397 g,"$5.99
 ea.",,$1.51 /100g,,,,https://www.metro.ca/en/online-grocery/search-page-300
BEN'S ORIGINAL,"Garlic And Butter Flavoured Rice, Natural Select",397 g,"$5.99
 ea.",,$1.51 /100g,,,,https://www.metro.ca/en/online-grocery/search-page-300
BEN'S ORIGINAL,"Tomato And Basil Flavoured Rice, Natural Select",397 g,"$5.99
 ea.",,$1.51 /100g,,,,https://www.metro.ca/en/online-grocery/search-page-300
WISE BY NATURE,Zenith Smoothie Mix,175 g,"$9.99
 ea.",,$5.71 /100g,,,https://product-images.metro.ca/images/hdf/hcf/10931445727262.jpg,https://www.metro.ca/en/online-grocery/search-page-300
WISE BY NATURE,Senteï Smoothie Mix,175 g,"$9.99
 ea.",,$5.71 /100g,,,https://product-images.metro.ca/images/h96/h7a/10931443105822.jpg,https://www.metro.ca/en/online-grocery/search-page-300
WISE BY NATURE,Red Smoothie Mix,175 g,"$9.99
 ea.",,$5.71 /100g,,,https://product-images.metro.ca/images/ha4/he5/10931445760030.jpg,https://www.metro.ca/en/online-grocery/search-page-300
LIFE SMART,"Chocolate And Coconut Protein Bars, Naturalia",4x45 g,"$3.79
 ea.",,$2.11 /100g,"Regular price
$4.29  ea.","Valid until Feb 7, 2024",,https://www.metro.ca/en/online-grocery/search-page-300
MCCORMICKS,"Organic Mustard Spice, Gourmet",39 g,"$5.49
 ea.",,$14.08 /100g,,,,https://www.metro.ca/en/online-grocery/search-page-300
MCCORMICKS,"Organic Rubbed Sage Spice, Gourmet",17 g,"$6.99
 ea.",,$41.12 /100g,"Regular price
$7.79  ea.","Valid until Feb 7, 2024",,https://www.metro.ca/en/online-grocery/search-page-300
MCCORMICKS,"Organic Nutmeg Spice, Gourmet",41 g,"$6.99
 ea.",,$17.05 /100g,"Regular price
$7.79  ea.","Valid until Feb 7, 2024",,https://www.metro.ca/en/online-grocery/search-page-300
IRRESISTIBLES,"Black Pepper Dried Sausage, Artisan",300 g,"2 / 
$19.99",,or $11.49 ea. $3.33 /100g,,"Valid until Jan 10, 2024",,https://www.metro.ca/en/online-grocery/search-page-300
LIFE SMART,"Canola Oil Cooking Spray, Naturalia",156 g,"$4.29
 ea.",,$2.75 /100g,,,,https://www.metro.ca/en/online-grocery/search-page-300
BEN'S ORIGINAL,"Long Grain Rice, Converted",907 g,"$6.49
 ea.",,$0.72 /100g,,,,https://www.metro.ca/en/online-grocery/search-page-300
SIGNÉ CAMÉLINE,Roasted Camelina Oil,250 mL,"$12.99
 ea.",,$5.20 /100ml,"Regular price
$14.49  ea.","Valid until Feb 7, 2024",https://product-images.metro.ca/images/haa/h2e/10225452154910.jpg,https://www.metro.ca/en/online-grocery/search-page-301
MCCORMICKS,"Organic Poppy Seed, Gourmet",46 g,"$6.99
 ea.",,$15.20 /100g,"Regular price
$7.79  ea.","Valid until Feb 7, 2024",,https://www.metro.ca/en/online-grocery/search-page-301
LIFE SMART,Apple And Banana Sauce Squeeze Pouches,4x90 g,"$2.49
 ea.",,$2.77 /100g,"Regular price
$2.99  ea.","Valid until Jan 10, 2024",https://product-images.metro.ca/images/ha3/haf/10268551708702.jpg,https://www.metro.ca/en/online-grocery/search-page-301
LIFE SMART,Apple And Grape Sauce Squeeze Pouches,4x90 g,"$2.49
 ea.",,$2.77 /100g,"Regular price
$2.99  ea.","Valid until Jan 10, 2024",https://product-images.metro.ca/images/h7f/h22/10269185114142.jpg,https://www.metro.ca/en/online-grocery/search-page-301
IRRESISTIBLES,Clover Honey,375 g,"$5.99
 ea.",,$1.60 /100g,"Regular price
$7.99  ea.","Valid until Feb 7, 2024",https://product-images.metro.ca/images/h9e/h79/10231287250974.jpg,https://www.metro.ca/en/online-grocery/search-page-301
IRRESISTIBLES,Mini Florentine Quiches,360 g,"$9.99
 ea.",,$2.78 /100g,,,https://product-images.metro.ca/images/h3c/hcf/11521678442526.jpg,https://www.metro.ca/en/online-grocery/search-page-301
LIFE SMART,"Extra Virgin Olive Oil Spray, Naturalia",142 g,"$5.79
 ea.",,$4.08 /100g,,,,https://www.metro.ca/en/online-grocery/search-page-301
ÉMILE NOËL,Organic Toasted Sesame Virgin Oil,250 mL,"$10.99
 ea.",,$4.40 /100ml,,,https://product-images.metro.ca/images/h7d/h39/11590758760478.jpg,https://www.metro.ca/en/online-grocery/search-page-301
BLUEWATER SEAFOODS,Frozen Beer Battered Shrimp,255 g,"$8.99
 ea.",,$3.53 /100g,"Regular price
$12.99  ea.","Valid until Jan 10, 2024",https://product-images.metro.ca/images/h07/h32/12048190144542.jpg,https://www.metro.ca/en/online-grocery/search-page-301
BLUEWATER SEAFOODS,Frozen Breaded Butterfly Shrimp,261 g,"$8.99
 ea.",,$3.44 /100g,"Regular price
$12.99  ea.","Valid until Jan 10, 2024",https://product-images.metro.ca/images/h2a/h24/12048188932126.jpg,https://www.metro.ca/en/online-grocery/search-page-301
BECEL,Gold Margarine,637 g,"$7.99
 ea.",,$1.18 /100g,"Regular price
$9.79  ea.","Valid until Jan 10, 2024",https://product-images.metro.ca/images/hc8/h8a/10529634844702.jpg,https://www.metro.ca/en/online-grocery/search-page-301
KIND,Peanut Butter And Dark Chocolate Flavoured Granola B...,200 g,"$8.99
 ea.",,$4.50 /100g,"Regular price
$9.99  ea.","Valid until Feb 7, 2024",,https://www.metro.ca/en/online-grocery/search-page-301
KRAFT,Hazelnut And Cocoa Spread,725 g,"$7.99
 ea.",,$1.10 /100g,"Regular price
$8.99  ea.","Valid until Feb 7, 2024",https://product-images.metro.ca/images/h5c/hd4/10498157740062.jpg,https://www.metro.ca/en/online-grocery/search-page-301
POM,"Brioche Hamburger Buns, Signature",8 un,"3 / 
$10.97",,or $4.99 ea. $0.46 /un.,"Regular price
$5.19  ea.","Valid until Jan 10, 2024",,https://www.metro.ca/en/online-grocery/search-page-301
SELECTION,3-Ply Facial Tissues,1 un,"$1.69
 ea.",,$1.69 /un.,,,https://product-images.metro.ca/images/hdd/h25/9773886963742.jpg,https://www.metro.ca/en/online-grocery/search-page-301
DAWN,"Fresh Scented Dish Spray Refill, Powerwash",473 mL,"$6.49
 ea.",,$1.37 /100ml,,,,https://www.metro.ca/en/online-grocery/search-page-301
BLUEWATER SEAFOODS,Frozen Breaded Fish Sticks,500 g,"$8.99
 ea.",,$1.80 /100g,"Regular price
$12.99  ea.","Valid until Jan 10, 2024",https://product-images.metro.ca/images/hd9/h54/12048189292574.jpg,https://www.metro.ca/en/online-grocery/search-page-301
BLUE MOON,"Light White Beer Brewed With Tangerine Peel, Light Sky",12x355 mL,"$23.99
 ea.",,$0.56 /100ml,"Regular price
$25.99  ea.","Valid until Jan 10, 2024",,https://www.metro.ca/en/online-grocery/search-page-301
SELECTION,Cut Green Beans,540 mL,"$2.29
 ea.",,$0.42 /100ml,"Regular price
$2.69  ea.","Valid until Jan 10, 2024",https://product-images.metro.ca/images/hf0/h1d/9644807487518.jpg,https://www.metro.ca/en/online-grocery/search-page-301
SELECTION,Cut Wax Beans,540 mL,"$2.29
 ea.",,$0.42 /100ml,"Regular price
$2.69  ea.","Valid until Jan 10, 2024",https://product-images.metro.ca/images/h43/h9f/10823030898718.jpg,https://www.metro.ca/en/online-grocery/search-page-301
METROGO!,Traditionally Smoked Seasoned Pork Loin Roast,1 per tray,"$7.04
 avg. ea.",(400 g avg.),$17.61 /kg$7.99 /lb.,,,https://product-images.metro.ca/images/hee/h85/9647260860446.jpg,https://www.metro.ca/en/online-grocery/search-page-301
METROGO!,Traditionally Smoked Seasoned Boneless Chicken Breast,1 per tray,"$8.59
 avg. ea.",(300 g avg.),$28.64 /kg$12.99 /lb.,"Regular price
$30.84  avg. kg","Valid until Jan 10, 2024",https://product-images.metro.ca/images/hd1/h48/9848933384222.jpg,https://www.metro.ca/en/online-grocery/search-page-301
FIREBARNS,Steak Barbecue Sauce,350 mL,"$6.99
 ea.",,$2.00 /100ml,,,https://product-images.metro.ca/images/hb1/h07/9680566517790.jpg,https://www.metro.ca/en/online-grocery/search-page-301
TIDE,Original Scented HE Liquid Laundry Detergent,64 loads - 2.72 L,"$16.99
 ea.",,$0.62 /100ml,"Regular price
$19.99  ea.","Valid until Feb 7, 2024",https://product-images.metro.ca/images/h39/hf9/11198161551390.jpg,https://www.metro.ca/en/online-grocery/search-page-301
ATTITUDE,"Lavender Scented Multi-Purpose Cleaner, Nature+",800 mL,"$6.29
 ea.",,$0.79 /100ml,,,,https://www.metro.ca/en/online-grocery/search-page-301
P'TIT QUÉBEC,Brick Cheese,400 g,"$7.49
 ea.",,$1.87 /100g,,,https://product-images.metro.ca/images/h0f/h5c/9751223926814.jpg,https://www.metro.ca/en/online-grocery/search-page-301
KING COLE,Orange Pekoe Tea,60 un,"$5.49
 ea.",,$0.09 /un.,,,https://product-images.metro.ca/images/h12/h22/10287113568286.jpg,https://www.metro.ca/en/online-grocery/search-page-301
SELECTION,Parmesan Fondue,180 g,"$4.49
 ea.",,$2.49 /100g,"Regular price
$4.69  ea.","Valid until Jan 10, 2024",https://product-images.metro.ca/images/he5/hf5/9647430729758.jpg,https://www.metro.ca/en/online-grocery/search-page-301
MONTELLIER,Grapefruit Flavoured Carbonated Natural Spring Water,1 L,"$1.49
 ea.",,$0.15 /100ml,,,https://product-images.metro.ca/images/hbd/h0e/11535838707742.jpg,https://www.metro.ca/en/online-grocery/search-page-301
BLACK DIAMOND,Old Cheddar Shredded Cheese,320 g,"$7.49
 ea.",,$2.34 /100g,"Regular price
$9.79  ea.","Valid until Jan 10, 2024",https://product-images.metro.ca/images/h9f/hbe/10715470725150.jpg,https://www.metro.ca/en/online-grocery/search-page-301
BONNE MAMAN,Orange Marmalade,290 mL,"$7.99
 ea.",,$2.76 /100ml,,,https://product-images.metro.ca/images/h8d/h3b/10184322809886.jpg,https://www.metro.ca/en/online-grocery/search-page-302
BONNE MAMAN,Raspberry Jam,290 mL,"$7.99
 ea.",,$2.76 /100ml,,,https://product-images.metro.ca/images/hde/he1/10184315502622.jpg,https://www.metro.ca/en/online-grocery/search-page-302
BONNE MAMAN,Cherry Jam,290 mL,"$7.99
 ea.",,$2.76 /100ml,,,https://product-images.metro.ca/images/h24/h19/10184319893534.jpg,https://www.metro.ca/en/online-grocery/search-page-302
BONNE MAMAN,Blueberry Jam,290 mL,"$7.99
 ea.",,$2.76 /100ml,,,https://product-images.metro.ca/images/hfe/h0d/10184316911646.jpg,https://www.metro.ca/en/online-grocery/search-page-302
OATBOX,Organic Double Chocolate Oat Bars,5x24 g,"$4.79
 ea.",,$3.99 /100g,,,https://product-images.metro.ca/images/h58/h05/11761655775262.jpg,https://www.metro.ca/en/online-grocery/search-page-302
OATBOX,Organic Raspberry And Cocoa Oat Bars,5x24 g,"$4.79
 ea.",,$3.99 /100g,,,https://product-images.metro.ca/images/hbf/h8e/11761655152670.jpg,https://www.metro.ca/en/online-grocery/search-page-302
RESOLVE,"White Fabric Stain Remover, Oxi-Action",625 g,"$6.99
 ea.",,$1.12 /100g,"Regular price
$8.29  ea.","Valid until Feb 7, 2024",,https://www.metro.ca/en/online-grocery/search-page-302
TRADITIONAL MEDICINALS,Senna Smooth Move Organic Tea Bag,16 un,"$6.29
 ea.",,$0.39 /un.,,,https://product-images.metro.ca/images/h22/hd8/11590796050462.jpg,https://www.metro.ca/en/online-grocery/search-page-302
TRADITIONAL MEDICINALS,Dandelion Leaf And Root Organic Tea Bag,16 un,"$6.29
 ea.",,$0.39 /un.,,,https://product-images.metro.ca/images/h0f/h9e/11679767822366.jpg,https://www.metro.ca/en/online-grocery/search-page-302
MCCORMICKS,"Organic Marjoram Spice, Gourmet",7 g,"$5.49
 ea.",,$78.43 /100g,,,,https://www.metro.ca/en/online-grocery/search-page-302
BRASSEUR DE MONTRÉAL,"Strong IPA Beer, L'Amer IPA",12x355 mL - cans,"$23.99
 ea.",,$0.56 /100ml,,,,https://www.metro.ca/en/online-grocery/search-page-302
BOB RED MILL,Gluten Free Pizza Crust Mix,454 g,"$6.49
 ea.",,$1.43 /100g,,,https://product-images.metro.ca/images/hdc/hd4/10135039180830.jpg,https://www.metro.ca/en/online-grocery/search-page-302
P'TIT QUÉBEC,Very Mild White Cheddar Cheese,400 g,"$7.49
 ea.",,$1.87 /100g,,,https://product-images.metro.ca/images/h7b/h4e/11574223470622.jpg,https://www.metro.ca/en/online-grocery/search-page-302
BÙ,Organic Spanish White Wine,750 mL,"$15.99
 ea.",,$2.13 /100ml,,,https://product-images.metro.ca/images/h21/hc5/11478016851998.jpg,https://www.metro.ca/en/online-grocery/search-page-302
BÙ,Spanish Red Wine,750 mL,"$15.99
 ea.",,$2.13 /100ml,,,https://product-images.metro.ca/images/hd5/h50/11521688862750.jpg,https://www.metro.ca/en/online-grocery/search-page-302
DR ISABELLE,Frozen Asian Chicken Meal,350 g,"$7.99
 ea.",,$2.28 /100g,,,https://product-images.metro.ca/images/ha0/hea/11412667596830.jpg,https://www.metro.ca/en/online-grocery/search-page-302
BÙ,French Red Wine,750 mL,"$17.29
 ea.",,$2.31 /100ml,,,https://product-images.metro.ca/images/ha1/h3c/11157738586142.jpg,https://www.metro.ca/en/online-grocery/search-page-302
SVELTE,"Partially Dealcoholized Red Wine, La Cuvée",750 mL,"$14.29
 ea.",,$1.91 /100ml,,,,https://www.metro.ca/en/online-grocery/search-page-302
BÙ,Canadian White Wine,750 mL,"$17.29
 ea.",,$2.31 /100ml,,,https://product-images.metro.ca/images/h29/hac/10399820415006.jpg,https://www.metro.ca/en/online-grocery/search-page-302
RESOLVE,"Coloured Fabric Stain Remover, Oxi-Action",1.35 kg,"$13.99
 ea.",,$1.04 /100g,,,,https://www.metro.ca/en/online-grocery/search-page-302
CIDRERIE LACROIX,Lot 300 Pineapple Flavoured Sparkling Cider,473 mL,"$4.49
 ea.",,$0.95 /100ml,,,https://product-images.metro.ca/images/h40/h46/10379016962078.jpg,https://www.metro.ca/en/online-grocery/search-page-302
BEN'S ORIGINAL,"Jasmine Rice, Bistro Express",240 g,"3 / 
$10.99",,$1.53 /100g,"Regular price
$4.49  ea.","Valid until Jan 24, 2024",,https://www.metro.ca/en/online-grocery/search-page-302
BEN'S ORIGINAL,"Mushroom Flavoured Long Grain Rice With Wild Rice, B...",250 g,"3 / 
$10.99",,$1.47 /100g,"Regular price
$4.49  ea.","Valid until Jan 24, 2024",,https://www.metro.ca/en/online-grocery/search-page-302
ATTITUDE,Thyme And Citrus Scented Disinfectant Multi-Purpose ...,2 L,"$10.99
 ea.",,$0.55 /100ml,"Regular price
$11.99  ea.","Valid until Feb 7, 2024",,https://www.metro.ca/en/online-grocery/search-page-302
BEN'S ORIGINAL,"Basmati Coconut Rice, Bistro Express",240 g,"3 / 
$10.99",,$1.53 /100g,"Regular price
$4.49  ea.","Valid until Jan 24, 2024",,https://www.metro.ca/en/online-grocery/search-page-302
P'TIT QUÉBEC,Mozzarella Cheese,400 g,"$7.49
 ea.",,$1.87 /100g,,,https://product-images.metro.ca/images/h52/h07/11574221668382.jpg,https://www.metro.ca/en/online-grocery/search-page-302
M'LORD,Grapefruit,284 mL,"$1.49
 ea.",,$0.52 /100ml,"Regular price
$2.29  ea.","Valid until Feb 7, 2024",https://product-images.metro.ca/images/h6e/h7b/9509196496926.jpg,https://www.metro.ca/en/online-grocery/search-page-302
LYSOL,Hibiscus And Mango Scented Disinfecting Wipes,84 un,"$5.49
 ea.",,$0.07 /un.,"Regular price
$6.79  ea.","Valid until Feb 7, 2024",https://product-images.metro.ca/images/hdd/hb3/10841582370846.jpg,https://www.metro.ca/en/online-grocery/search-page-302
LYSOL,Citrus Disinfecting Wipes,30 un,"$3.49
 ea.",,$0.12 /un.,,,https://product-images.metro.ca/images/h85/h27/10152976875550.jpg,https://www.metro.ca/en/online-grocery/search-page-302
RISE KOMBUCHA,Organic Kiwi And Pineapple Sparkling Fermented Beverage,414 mL,"$3.69
 ea.",,$0.89 /100ml,"Regular price
$4.29  ea.","Valid until Feb 14, 2024",https://product-images.metro.ca/images/h15/h3f/11161768656926.jpg,https://www.metro.ca/en/online-grocery/search-page-302
MCCORMICKS,"Organic Bay Leave, Gourmet",4 g,"$5.49
 ea.",,$137.25 /100g,,,,https://www.metro.ca/en/online-grocery/search-page-303
MCCORMICKS,"Organic Curry Powder, Gourmet",233 g,"$5.49
 ea.",,$2.36 /100g,,,,https://www.metro.ca/en/online-grocery/search-page-303
MCCORMICKS,"Organic Celery Seed, Gourmet",40 g,"$5.49
 ea.",,$13.73 /100g,,,,https://www.metro.ca/en/online-grocery/search-page-303
BEN'S ORIGINAL,"Parmesan And Butter Flavoured Rice, Natural Select",397 g,"$5.99
 ea.",,$1.51 /100g,,,,https://www.metro.ca/en/online-grocery/search-page-303
BEN'S ORIGINAL,"Fine Herbs Flavoured Long Grain Rice With Wild Rice,...",250 g,"3 / 
$10.99",,$1.47 /100g,"Regular price
$4.49  ea.","Valid until Jan 24, 2024",,https://www.metro.ca/en/online-grocery/search-page-303
BEN'S ORIGINAL,"Vegetable Medley Flavoured Rice, Bistro Express",250 g,"3 / 
$10.99",,$1.47 /100g,"Regular price
$4.49  ea.","Valid until Jan 24, 2024",,https://www.metro.ca/en/online-grocery/search-page-303
P'TIT QUÉBEC,Very Mild Cheddar Cheese Slices,240 g,"$5.69
 ea.",,$2.37 /100g,"Regular price
$7.49  ea.","Valid until Jan 10, 2024",https://product-images.metro.ca/images/h3a/hc8/10009511493662.jpg,https://www.metro.ca/en/online-grocery/search-page-303
BEN'S ORIGINAL,"Converted Brand Long Grain White Rice, Bistro Express",250 g,"3 / 
$10.99",,$1.47 /100g,"Regular price
$4.49  ea.","Valid until Jan 24, 2024",,https://www.metro.ca/en/online-grocery/search-page-303
BEN'S ORIGINAL,"Butter And Garlic Flavoured Rice, Bistro Express",250 g,"3 / 
$10.99",,$1.47 /100g,"Regular price
$4.49  ea.","Valid until Jan 24, 2024",,https://www.metro.ca/en/online-grocery/search-page-303
VÉGANE MAIS PAS PLATE,Frozen Asian Stir-Fry,400 g,"$7.99
 ea.",,$2.00 /100g,"Regular price
$8.99  ea.","Valid until Feb 14, 2024",https://product-images.metro.ca/images/h1b/h01/10708805943326.jpg,https://www.metro.ca/en/online-grocery/search-page-303
VÉGANE MAIS PAS PLATE,Frozen Noodles And Dumplings,400 g,"$7.99
 ea.",,$2.00 /100g,"Regular price
$8.99  ea.","Valid until Feb 14, 2024",https://product-images.metro.ca/images/h36/h9f/10708805419038.jpg,https://www.metro.ca/en/online-grocery/search-page-303
SOL,Mexican Lager Beer,12x355 mL - cans,"$23.99
 ea.",,$0.56 /100ml,"Regular price
$25.99  ea.","Valid until Jan 10, 2024",https://product-images.metro.ca/images/h8e/h52/9535878365214.jpg,https://www.metro.ca/en/online-grocery/search-page-303
BEN'S ORIGINAL,"Roasted Garlic Flavoured Long Grain With Wild Rice, ...",250 g,"3 / 
$10.99",,$1.47 /100g,"Regular price
$4.49  ea.","Valid until Jan 24, 2024",,https://www.metro.ca/en/online-grocery/search-page-303
DION,Himalayan Pink Salt Mill,208 g,"$6.99
 ea.",,$3.36 /100g,,,https://product-images.metro.ca/images/h9c/h83/10308158357534.jpg,https://www.metro.ca/en/online-grocery/search-page-303
LE RANG,Haskap Jam,250 mL,"$8.49
 ea.",,$3.40 /100ml,,,https://product-images.metro.ca/images/h39/hec/11251080986654.jpg,https://www.metro.ca/en/online-grocery/search-page-303
LE RANG,Haskap And Apple Jelly,250 mL,"$8.49
 ea.",,$3.40 /100ml,,,https://product-images.metro.ca/images/h7e/hcd/11251079217182.jpg,https://www.metro.ca/en/online-grocery/search-page-303
LE RANG,Blueberry And Haskap Jam,250 mL,"$8.49
 ea.",,$3.40 /100ml,,,https://product-images.metro.ca/images/hf5/hd9/11251080691742.jpg,https://www.metro.ca/en/online-grocery/search-page-303
SAN PELLEGRINO,"Sparkling Grapefruit Beverage, Naturali",6x330 mL,"$8.79
 ea.",,$2.66 /100ml,,,,https://www.metro.ca/en/online-grocery/search-page-303
SAN PELLEGRINO,"Pomegranate And Orange Flavoured Sparkling Water, Na...",6x330 mL,"$8.79
 ea.",,$2.66 /100ml,,,,https://www.metro.ca/en/online-grocery/search-page-303
SAN PELLEGRINO,"Orange And Prickly Pear Flavoured Sparkling Water, N...",6x330 mL,"$8.79
 ea.",,$2.66 /100ml,,,,https://www.metro.ca/en/online-grocery/search-page-303
MCCORMICKS,"Organic Sesame Seeds, Gourmet",45 g,"$5.49
 ea.",,$12.20 /100g,,,,https://www.metro.ca/en/online-grocery/search-page-303
BEN'S ORIGINAL,Wholegrain Brown Rice,907 g,"$6.49
 ea.",,$0.72 /100g,,,https://product-images.metro.ca/images/h34/hba/12245559803934.jpg,https://www.metro.ca/en/online-grocery/search-page-303
OATBOX,Organic Iced Coffee Flavoured Granola,300 g,"$6.49
 ea.",,$2.16 /100g,,,https://product-images.metro.ca/images/h09/h9a/10308157472798.jpg,https://www.metro.ca/en/online-grocery/search-page-303
SELECTION,Regular Size Black Garbage Bags,10 un,"$0.99
 ea.",,$0.10 /un.,"Regular price
$1.49  ea.","Valid until Feb 7, 2024",https://product-images.metro.ca/images/h13/h01/10294695952414.jpg,https://www.metro.ca/en/online-grocery/search-page-303
DION,Black Peppercorn Mill,100 g,"$6.99
 ea.",,$6.99 /100g,,,https://product-images.metro.ca/images/h10/hd6/10308159176734.jpg,https://www.metro.ca/en/online-grocery/search-page-303
INTERNATIONAL DELIGHT,Caramel Macchiato Flavoured Coffee Whitener,946 mL,"$5.79
 ea.",,$0.61 /100ml,"Regular price
$6.49  ea.","Valid until Feb 14, 2024",https://product-images.metro.ca/images/h5f/h89/11627188781086.jpg,https://www.metro.ca/en/online-grocery/search-page-303
DION,Coarse Sea Salt Mill,208 g,"$6.99
 ea.",,$3.36 /100g,,,https://product-images.metro.ca/images/h88/h9e/10308158128158.jpg,https://www.metro.ca/en/online-grocery/search-page-303
DION,4-Peppercorn Mix Mill,92 g,"$6.99
 ea.",,$7.60 /100g,,,https://product-images.metro.ca/images/he6/h8f/10308159537182.jpg,https://www.metro.ca/en/online-grocery/search-page-303
,Frozen Cooked Lobster Claws,,"$6.49
 avg. ea.",(130 g avg.),$49.90 /kg$22.63 /lb.,"Regular price
$50.68  avg. kg","Valid until Jan 17, 2024",https://product-images.metro.ca/images/hd0/hf8/10396277866526.jpg,https://www.metro.ca/en/online-grocery/search-page-303
SIGGI'S,0% Vanilla Flavoured Yogurt,750 g,"$5.99
 ea.",,$0.80 /100g,"Regular price
$7.49  ea.","Valid until Feb 14, 2024",https://product-images.metro.ca/images/h93/hce/12191943098398.jpg,https://www.metro.ca/en/online-grocery/search-page-303
OIKOS,Maple Syrup Flavoured Greek Yogurt,4x100 g,"3 / 
$9.99",,or $4.99 ea. $3.33 /100g,,"Valid until Feb 14, 2024",https://product-images.metro.ca/images/h80/h86/11571071516702.jpg,https://www.metro.ca/en/online-grocery/search-page-304
IRRESISTIBLES,"Salted Caramel Ice Cream Bars, The Creamiest",4x88 mL,"$5.49
 ea.",,$1.56 /100ml,"Regular price
$5.99  ea.","Valid until Feb 14, 2024",,https://www.metro.ca/en/online-grocery/search-page-304
IRRESISTIBLES,Ice Cream Bars With Crunchy Almonds,4x88 mL,"$5.49
 ea.",,$1.56 /100ml,"Regular price
$5.99  ea.","Valid until Feb 14, 2024",https://product-images.metro.ca/images/hb4/hf7/12175106015262.jpg,https://www.metro.ca/en/online-grocery/search-page-304
PRINGLES,Cheddar And Sour Cream Flavoured Chip,156 g,"$3.99
 ea.",,$2.56 /100g,,,https://product-images.metro.ca/images/h14/h1a/10297887817758.jpg,https://www.metro.ca/en/online-grocery/search-page-304
IRRESISTIBLES,"Mocha And Almond Ice Cream Bars, The Creamiest",4x88 mL,"$5.49
 ea.",,$1.56 /100ml,"Regular price
$5.99  ea.","Valid until Feb 14, 2024",,https://www.metro.ca/en/online-grocery/search-page-304
IRRESISTIBLES,"Dark Chocolate Coated Vanilla Ice Cream Bars, The Cr...",4x88 mL,"$5.49
 ea.",,$1.56 /100ml,"Regular price
$5.99  ea.","Valid until Feb 14, 2024",,https://www.metro.ca/en/online-grocery/search-page-304
IRRESISTIBLES,"Caramel And Praline Pecan Ice Cream Bars, The Creamiest",4x88 mL,"$5.49
 ea.",,$1.56 /100ml,"Regular price
$5.99  ea.","Valid until Feb 14, 2024",,https://www.metro.ca/en/online-grocery/search-page-304
LIBERTÉ,"0% Vanilla Yogurt, Greek",1 kg,"$9.39
 ea.",,$0.94 /100g,,,,https://www.metro.ca/en/online-grocery/search-page-304
RISE KOMBUCHA,Organic Peach And Mango Sparkling Fermented Beverage,1 L,"$9.29
 ea.",,$0.93 /100ml,,,https://product-images.metro.ca/images/h2a/hf3/11374996258846.jpg,https://www.metro.ca/en/online-grocery/search-page-304
RISE KOMBUCHA,Organic Raspberry And Vanilla Sparkling Fermented Be...,1 L,"$9.29
 ea.",,$0.93 /100ml,,,,https://www.metro.ca/en/online-grocery/search-page-304
RISE KOMBUCHA,Mango And Papaya Flavoured Organic Kombucha,1 L,"$9.29
 ea.",,$0.93 /100ml,,,https://product-images.metro.ca/images/hee/hc9/11198180818974.jpg,https://www.metro.ca/en/online-grocery/search-page-304
LAY'S,All Dressed Chips,66 g,"2 / 
$7.50",,$1.60 /100g,"Regular price
$4.49  ea.","Valid until Jan 10, 2024",https://product-images.metro.ca/images/h15/h3b/12245564981278.jpg,https://www.metro.ca/en/online-grocery/search-page-304
RUFFLES,"Original Flavour Deep-Cut Chips, Double Crunch",180 g,"2 / 
$8.50",,or $4.99 ea. $2.36 /100g,,"Valid until Jan 24, 2024",,https://www.metro.ca/en/online-grocery/search-page-304
ACTIVIA,"2.9% Mango Flavoured Probiotic Yogurt, Active Probio...",650 g,"2 / 
$7.50",,or $5.49 ea. $0.58 /100g,,"Valid until Feb 14, 2024",,https://www.metro.ca/en/online-grocery/search-page-304
ACTIVIA,"2.9% Field Fruits Flavoured Probiotic Yogurt, Active...",650 g,"2 / 
$7.50",,or $5.49 ea. $0.58 /100g,,"Valid until Feb 14, 2024",,https://www.metro.ca/en/online-grocery/search-page-304
DION,Set Of 4 Refillable Mills,608 g,"$24.99
 ea.",,$4.11 /100g,,,https://product-images.metro.ca/images/h38/hda/10300319334430.jpg,https://www.metro.ca/en/online-grocery/search-page-304
IRRESISTIBLES,Chocolate Coated Mini Vanilla Frozen Yogourt With Ca...,5x55 mL,"$5.49
 ea.",,$2.00 /100ml,"Regular price
$5.99  ea.","Valid until Feb 14, 2024",,https://www.metro.ca/en/online-grocery/search-page-304
IRRESISTIBLES,Chocolate Coated Vanilla Ice Cream Bars,5x55 mL,"$5.49
 ea.",,$2.00 /100ml,"Regular price
$5.99  ea.","Valid until Feb 14, 2024",,https://www.metro.ca/en/online-grocery/search-page-304
LIFE SMART,"Key Lime And Vanilla Flavoured Frozen Yogurt Bars, Skyr",4x80 mL,"$5.49
 ea.",,$1.72 /100ml,"Regular price
$5.99  ea.","Valid until Feb 14, 2024",,https://www.metro.ca/en/online-grocery/search-page-304
LIFE SMART,Frozen Milky Fudge Dairy Dessert Bars,4x80 mL,"$5.49
 ea.",,$1.72 /100ml,"Regular price
$5.99  ea.","Valid until Feb 14, 2024",https://product-images.metro.ca/images/h95/h1c/11521707573278.jpg,https://www.metro.ca/en/online-grocery/search-page-304
LIFE SMART,"Strawberry And Vanilla Flavoured Frozen Yogurt Bars,...",4x80 mL,"$5.49
 ea.",,$1.72 /100ml,"Regular price
$5.99  ea.","Valid until Feb 14, 2024",,https://www.metro.ca/en/online-grocery/search-page-304
BRAIN WASH,All Purpose Cleaner,1 un,"$3.99
 ea.",,$3.99 /un.,"Regular price
$4.99  ea.","Valid until Feb 7, 2024",https://product-images.metro.ca/images/hc2/h71/10365259972638.jpg,https://www.metro.ca/en/online-grocery/search-page-304
BRAIN WASH,Glass Cleaner,1 un,"$3.99
 ea.",,$3.99 /un.,"Regular price
$4.99  ea.","Valid until Feb 7, 2024",https://product-images.metro.ca/images/hf2/h24/10365255647262.jpg,https://www.metro.ca/en/online-grocery/search-page-304
BRAIN WASH,Bathroom Cleaner Refill Pod,1 un,"2 / 
$5.00",,$2.50 /un.,"Regular price
$2.99  ea.","Valid until Feb 7, 2024",https://product-images.metro.ca/images/hb8/hc3/10365248241694.jpg,https://www.metro.ca/en/online-grocery/search-page-304
BRAIN WASH,All Purpose Cleaner Refill Pod,1 un,"2 / 
$5.00",,$2.50 /un.,"Regular price
$2.99  ea.","Valid until Feb 7, 2024",https://product-images.metro.ca/images/hd5/hc2/10365252042782.jpg,https://www.metro.ca/en/online-grocery/search-page-304
BRAIN WASH,Bathroom Cleaner,1 un,"$3.99
 ea.",,$3.99 /un.,"Regular price
$4.99  ea.","Valid until Feb 7, 2024",https://product-images.metro.ca/images/hd2/h97/10365259218974.jpg,https://www.metro.ca/en/online-grocery/search-page-304
BRAIN WASH,Glass Cleaner Refill Pod,1 un,"2 / 
$5.00",,$2.50 /un.,"Regular price
$2.99  ea.","Valid until Feb 7, 2024",https://product-images.metro.ca/images/hb3/h08/10365252468766.jpg,https://www.metro.ca/en/online-grocery/search-page-304
AIDAN'S,Baguette,320 g,"$6.99
 ea.",,$2.18 /100g,,,https://product-images.metro.ca/images/h90/h3d/11432863039518.jpg,https://www.metro.ca/en/online-grocery/search-page-304
CHEEZ-IT,"Jalapeno Jack Flavoured Crackers, Snap'D",213 g,"$5.49
 ea.",,$2.58 /100g,,,,https://www.metro.ca/en/online-grocery/search-page-304
CHEEZ-IT,"Double Cheese Flavoured Crackers, Snap'D",213 g,"$5.49
 ea.",,$2.58 /100g,,,,https://www.metro.ca/en/online-grocery/search-page-304
CHEEZ-IT,"Cheddar, Sour Cream And Onion Flavoured Crackers, Sn...",213 g,"$5.49
 ea.",,$2.58 /100g,,,,https://www.metro.ca/en/online-grocery/search-page-305
LILY & JAX,Duck Flavoured Cat Food,1.4 kg,"$15.49
 ea.",,$1.11 /100g,"Regular price
$16.49  ea.","Valid until Jan 24, 2024",https://product-images.metro.ca/images/h0a/h32/10904251695134.jpg,https://www.metro.ca/en/online-grocery/search-page-305
SELECTION,Blackberry Flavoured Sparkling Water,12x355 mL,"$5.99
 ea.",,$1.69 /100ml,,,https://product-images.metro.ca/images/h15/h6f/12175249113118.jpg,https://www.metro.ca/en/online-grocery/search-page-305
DOLE,No Sugar Added Pear In Half,540 mL,"$4.69
 ea.",,$0.87 /100ml,,,https://product-images.metro.ca/images/ha8/h2b/10794417225758.jpg,https://www.metro.ca/en/online-grocery/search-page-305
M26,Original Flavour Cereals,340 g,"$4.49
 ea.",,$1.32 /100g,"Regular price
$6.99  ea.","Valid until Feb 7, 2024",https://product-images.metro.ca/images/he4/h2e/10779163820062.jpg,https://www.metro.ca/en/online-grocery/search-page-305
KELLOGG'S,"Oven-Toasted Rice Grain Cereal, Rice Krispies",340 g,"$4.49
 ea.",,$1.32 /100g,"Regular price
$7.29  ea.","Valid until Feb 7, 2024",,https://www.metro.ca/en/online-grocery/search-page-305
,Frozen Uncooked Breakfast Sausage,2 kg,"$14.00
 ea.",,$0.70 /100g,,,https://product-images.metro.ca/images/h77/hb6/10823664402462.jpg,https://www.metro.ca/en/online-grocery/search-page-305
,Cheese Bagels,452 g,"2 / 
$6.00",,or $3.49 ea. $0.66 /100g,"Regular price
$3.99  ea.","Valid until Jan 10, 2024",https://product-images.metro.ca/images/hd3/h74/10823481360414.jpg,https://www.metro.ca/en/online-grocery/search-page-305
MONSIEUR GUSTAV,Lactose-Free Raclette Cheese Trio,300 g,"$13.99
 ea.",,$4.66 /100g,"Regular price
$14.99  ea.","Valid until Jan 17, 2024",https://product-images.metro.ca/images/hc3/h12/12028230533150.jpg,https://www.metro.ca/en/online-grocery/search-page-305
SMOKY BAY,Australian White Wine,1 L,"$13.49
 ea.",,$1.35 /100ml,"Regular price
$14.99  ea.","Valid until Feb 7, 2024",https://product-images.metro.ca/images/h59/h84/10433304887326.jpg,https://www.metro.ca/en/online-grocery/search-page-305
LA DIVA,"Local Greenhouse Grape Tomatoes, Royale",283 g,"$5.99
 ea.",,$2.12 /100g,,,,https://www.metro.ca/en/online-grocery/search-page-305
SELECTION,Sweet Pickled Onions,375 ml,"$3.29
 ea.",,$0.88 /100ml,,,https://www.metro.ca/images/shared/placeholders/icon-no-picture.svg?v=2023.71.1.d1,https://www.metro.ca/en/online-grocery/search-page-305
POM,Sesame Seeds Hot Dog Buns,8 un,"3 / 
$10.97",,or $4.99 ea. $0.46 /un.,"Regular price
$5.19  ea.","Valid until Jan 10, 2024",https://product-images.metro.ca/images/h73/h43/10304071827486.jpg,https://www.metro.ca/en/online-grocery/search-page-305
LE MIEL D'ÉMILIE,Liquid Honey,375 g,"$7.49
 ea.",,$2.00 /100g,,,https://product-images.metro.ca/images/h6a/hcd/9335097655326.jpg,https://www.metro.ca/en/online-grocery/search-page-305
MAISON ORPHÉE,Italian Dressing,250 mL,"$5.29
 ea.",,$2.12 /100ml,,,https://product-images.metro.ca/images/hb2/hd8/11849492070430.jpg,https://www.metro.ca/en/online-grocery/search-page-305
SELECTION,Corn Chips,280 g,"$3.99
 ea.",,$1.42 /100g,,,https://product-images.metro.ca/images/h29/h47/8822030958622.jpg,https://www.metro.ca/en/online-grocery/search-page-305
DI MARTINO,Spaghetti,500 g,"$3.79
 ea.",,$0.76 /100g,,,https://product-images.metro.ca/images/h08/he3/10250749640734.jpg,https://www.metro.ca/en/online-grocery/search-page-305
DI MARTINO,Linguine,500 g,"$3.79
 ea.",,$0.76 /100g,,,https://product-images.metro.ca/images/h93/h57/10250615357470.jpg,https://www.metro.ca/en/online-grocery/search-page-305
GARDEIN,Frozen Plant-Based Breakfast Saus'Age Patties,190 g,"$7.49
 ea.",,$3.94 /100g,,,https://product-images.metro.ca/images/h65/he0/11432819851294.jpg,https://www.metro.ca/en/online-grocery/search-page-305
ASOBU,Reusable Purple Juice Bottle 290 ML,1 un,"$12.99
 ea.",,$12.99 /un.,,,https://product-images.metro.ca/images/hf5/h77/10246383730718.jpg,https://www.metro.ca/en/online-grocery/search-page-305
GARDEIN,"Frozen Plant-Based Burger, Suprême",226 g,"$7.49
 ea.",,$3.31 /100g,,,,https://www.metro.ca/en/online-grocery/search-page-305
GARDEIN,"Frozen Spicy Plant-Based Chick'N Wings, Gochujang-Style",240 g,"$3.74
 ea.",,$1.56 /100g,"Regular price
$7.49  ea.","Valid until Apr 11, 2024",,https://www.metro.ca/en/online-grocery/search-page-305
BEAR,Raspberry Flavoured Fruit Roll,100 g,"$7.99
 ea.",,$7.99 /100g,,,https://product-images.metro.ca/images/h16/h10/10515789545502.jpg,https://www.metro.ca/en/online-grocery/search-page-305
BEAR,Mango Flavoured Fruit Roll,100 g,"$7.99
 ea.",,$7.99 /100g,,,https://product-images.metro.ca/images/h1b/h47/10515880673310.jpg,https://www.metro.ca/en/online-grocery/search-page-305
BEAR,Strawberry Flavoured Fruit Roll,100 g,"$7.99
 ea.",,$7.99 /100g,,,https://product-images.metro.ca/images/h21/h99/10515989102622.jpg,https://www.metro.ca/en/online-grocery/search-page-305
THEOBROMA,Organic 95% Cocoa Dark Chocolate Bar,80g,"$5.29
 ea.",,$6.61 /100g,,,https://product-images.metro.ca/images/h08/ha2/12018864259102.jpg,https://www.metro.ca/en/online-grocery/search-page-305
THEOBROMA CHOCOLAT,Dark Chocolate And Raspberry Flavoured Cripsy Energy...,37 g,"$2.49
 ea.",,$6.73 /100g,"Regular price
$3.19  ea.","Valid until Jan 24, 2024",,https://www.metro.ca/en/online-grocery/search-page-305
THEOBROMA CHOCOLAT,"Latte Flavoured Chocolate Cripsy Energy Bites, Chunkies",37 g,"$2.49
 ea.",,$6.73 /100g,"Regular price
$3.19  ea.","Valid until Jan 24, 2024",,https://www.metro.ca/en/online-grocery/search-page-305
THEOBROMA CHOCOLAT,"Dark Chocolate Cripsy Energy Bites, Chunkies",37 g,"$2.49
 ea.",,$6.73 /100g,"Regular price
$3.19  ea.","Valid until Jan 24, 2024",,https://www.metro.ca/en/online-grocery/search-page-305
BARISTA,Organic Espresso Napolitan Blend Beans Coffee,340 g,"$12.49
 ea.",,$3.67 /100g,,,https://product-images.metro.ca/images/h53/hdd/10486780755998.jpg,https://www.metro.ca/en/online-grocery/search-page-305
BARISTA,Organic Espresso Signature Blend Beans Coffee,340 g,"$12.49
 ea.",,$3.67 /100g,,,https://product-images.metro.ca/images/ha0/h2a/10486820732958.jpg,https://www.metro.ca/en/online-grocery/search-page-306
BARISTA,Organic Espresso Signature Blend Ground Coffee,340 g,"$12.49
 ea.",,$3.67 /100g,,,https://product-images.metro.ca/images/h54/h2a/10486773415966.jpg,https://www.metro.ca/en/online-grocery/search-page-306
BARISTA,Organic Ground Coffee From Colombia,340 g,"$12.49
 ea.",,$3.67 /100g,,,https://product-images.metro.ca/images/hc3/haa/10486748315678.jpg,https://www.metro.ca/en/online-grocery/search-page-306
BARISTA,Organic Espresso Ground Coffee,340 g,"$12.49
 ea.",,$3.67 /100g,,,https://product-images.metro.ca/images/h3d/had/10486718890014.jpg,https://www.metro.ca/en/online-grocery/search-page-306
BARISTA,Organic Espresso Napolitan Blend Ground Coffee,340 g,"$12.49
 ea.",,$3.67 /100g,,,https://product-images.metro.ca/images/hc3/hc6/10486785343518.jpg,https://www.metro.ca/en/online-grocery/search-page-306
BARISTA,Organic Ground Coffee From Nicaragua,340 g,"$12.49
 ea.",,$3.67 /100g,,,https://product-images.metro.ca/images/hf0/h0f/10486859268126.jpg,https://www.metro.ca/en/online-grocery/search-page-306
BARISTA,Organic Espresso Beans Coffee,340 g,"$12.49
 ea.",,$3.67 /100g,,,https://product-images.metro.ca/images/hbf/h58/10486845046814.jpg,https://www.metro.ca/en/online-grocery/search-page-306
,Pink Cherry Tomatoes,300 g,"$5.99
 ea.",,$2.00 /100g,,,https://product-images.metro.ca/images/h69/h62/8987234369566.jpg,https://www.metro.ca/en/online-grocery/search-page-306
OZONOL,Burn Relief Ointment,30 g,"$8.99
 ea.",,$29.97 /100g,,,https://product-images.metro.ca/images/h33/h0b/10399830245406.jpg,https://www.metro.ca/en/online-grocery/search-page-306
BRÛLERIES FARO,Roaster'S Blend Ground Coffee,400 g,"$13.99
 ea.",,$3.50 /100g,,,https://product-images.metro.ca/images/hce/h10/10073984598046.jpg,https://www.metro.ca/en/online-grocery/search-page-306
NUPASTA,Gluten Free Konjac Risoni,210 g,"$3.49
 ea.",,$1.66 /100g,"Regular price
$4.29  ea.","Valid until Jan 24, 2024",https://product-images.metro.ca/images/hd8/hcc/11292763324446.jpg,https://www.metro.ca/en/online-grocery/search-page-306
NUPASTA,Organic Gluten Free Konjac Risoni,210 g,"$3.49
 ea.",,$1.66 /100g,"Regular price
$4.99  ea.","Valid until Jan 24, 2024",https://product-images.metro.ca/images/ha2/h64/11292764078110.jpg,https://www.metro.ca/en/online-grocery/search-page-306
BRÛLERIES FARO,Peru Blend Medium Roast Coffee Beans,454 g,"$13.99
 ea.",,$3.08 /100g,,,https://product-images.metro.ca/images/hc7/hb4/10371467608094.jpg,https://www.metro.ca/en/online-grocery/search-page-306
COLGATE,"Battery Powered Toothbrush, Optic White",1 un,"$17.99
 ea.",,$17.99 /un.,,,,https://www.metro.ca/en/online-grocery/search-page-306
HELLO,Fresh Citrus Scented Deodorant,73 g,"$8.99
 ea.",,$12.32 /100g,,,https://product-images.metro.ca/images/he1/h5b/10421799518238.jpg,https://www.metro.ca/en/online-grocery/search-page-306
SOLO FRUIT,Pear Flavoured Organic Sorbet,500 mL,"$5.99
 ea.",,$1.20 /100ml,"Regular price
$6.99  ea.","Valid until Feb 14, 2024",https://product-images.metro.ca/images/h39/h5b/10542339162142.jpg,https://www.metro.ca/en/online-grocery/search-page-306
COLGATE,"Black Pro Series Optic White Battery Toothbrush, Opt...",1 un,"$17.99
 ea.",,$17.99 /un.,,,,https://www.metro.ca/en/online-grocery/search-page-306
HUNTER MARINE,Mussel Sauce,450 g,"$9.99
 ea.",,$2.22 /100g,,,https://product-images.metro.ca/images/h9b/hc9/12018901483550.jpg,https://www.metro.ca/en/online-grocery/search-page-306
HUNTER MARINE,Frutti Di Mare Seafood Sauce,450 g,"$9.99
 ea.",,$2.22 /100g,,,https://product-images.metro.ca/images/h82/h80/12018901843998.jpg,https://www.metro.ca/en/online-grocery/search-page-306
HUNTER MARINE,Vongole Clam Sauce,450 g,"$9.99
 ea.",,$2.22 /100g,,,https://product-images.metro.ca/images/h32/h4b/10525133439006.jpg,https://www.metro.ca/en/online-grocery/search-page-306
BAKER STREET,4'' Celebration Cake,310 g,"$13.49
 ea.",,$4.35 /100g,,,https://product-images.metro.ca/images/hc5/h3a/11751889141790.jpg,https://www.metro.ca/en/online-grocery/search-page-306
,Frozen Meat Pie With Assorted Flavours,2.5 kg,"$31.99
 ea.",,$1.28 /100g,,,https://product-images.metro.ca/images/ha6/h75/12272380182558.jpg,https://www.metro.ca/en/online-grocery/search-page-306
DÉLICES D'AUTREFOIS,Medium Salsa Sauce,700 mL,"$7.99
 ea.",,$1.14 /100ml,,,https://product-images.metro.ca/images/h15/h5c/10073514901534.jpg,https://www.metro.ca/en/online-grocery/search-page-306
DÉLICES D'AUTREFOIS,Gluten Free Basil Sauce,700 mL,"$7.79
 ea.",,$1.11 /100ml,,,https://product-images.metro.ca/images/h04/hc2/11188536377374.jpg,https://www.metro.ca/en/online-grocery/search-page-306
DÉLICES D'AUTREFOIS,Gluten Free Spicy Meat Pasta Sauce,700 mL,"$7.79
 ea.",,$1.11 /100ml,,,https://product-images.metro.ca/images/h3a/hbb/10189848248350.jpg,https://www.metro.ca/en/online-grocery/search-page-306
ORGOGLIO,5 Flavours Eliche Pasta,500 g,"$6.99
 ea.",,$1.40 /100g,,,https://product-images.metro.ca/images/ha5/h19/10074007797790.jpg,https://www.metro.ca/en/online-grocery/search-page-306
FAVUZZI,Fusilli,500 g,"$5.99
 ea.",,$1.20 /100g,,,https://product-images.metro.ca/images/hbe/h54/11117415432222.jpg,https://www.metro.ca/en/online-grocery/search-page-306
PERONI NASTRO AZZURRO,Non-Alcoholic Italian Lager Beer,,"$12.99
 ea.",,$0.66 /100ml,"Regular price
$14.99  ea.","Valid until Feb 7, 2024",https://product-images.metro.ca/images/hf5/h72/10535722188830.jpg,https://www.metro.ca/en/online-grocery/search-page-306
ASAHI,"5% Beer, Super Dry",4x500 mL,"$14.99
 ea.",,$0.75 /100ml,,,,https://www.metro.ca/en/online-grocery/search-page-306
COMMENSAL,Tex-Mex Flavoured Tofu Meal,300 g,"$6.99
 ea.",,$2.33 /100g,,,https://product-images.metro.ca/images/h5c/h18/9534515806238.jpg,https://www.metro.ca/en/online-grocery/search-page-306
COMMENSAL,Bolognese-Style Pasta Sauce,650 mL,"$5.99
 ea.",,$0.92 /100ml,"Regular price
$6.79  ea.","Valid until Jan 24, 2024",https://product-images.metro.ca/images/h3b/h14/10287102820382.jpg,https://www.metro.ca/en/online-grocery/search-page-307
COMMENSAL,Vegetarian Rosée Pasta Sauce,650 mL,"$5.99
 ea.",,$0.92 /100ml,"Regular price
$6.79  ea.","Valid until Jan 24, 2024",https://product-images.metro.ca/images/h0d/h5f/10287101870110.jpg,https://www.metro.ca/en/online-grocery/search-page-307
BELLE GUEULE,Strong IPA,6x355 mL,"$9.99
 ea.",,$2.81 /100ml,"Regular price
$10.99  ea.","Valid until Feb 7, 2024",https://www.metro.ca/images/shared/placeholders/icon-no-picture.svg?v=2023.71.1.d1,https://www.metro.ca/en/online-grocery/search-page-307
KANDJU,Original Gummy Mix,350 g,"$7.49
 ea.",,$2.14 /100g,"Regular price
$8.49  ea.","Valid until Jan 24, 2024",https://product-images.metro.ca/images/h9f/h84/11068889727006.jpg,https://www.metro.ca/en/online-grocery/search-page-307
KANDJU,Original Gummy Mix,225 g,"$5.49
 ea.",,$2.44 /100g,"Regular price
$5.99  ea.","Valid until Jan 24, 2024",https://product-images.metro.ca/images/h30/h8b/11068887072798.jpg,https://www.metro.ca/en/online-grocery/search-page-307
ST. DALFOUR,Apple Cinnamon Deluxe Spread,225 mL,"$7.49
 ea.",,$3.33 /100ml,,,https://product-images.metro.ca/images/hb8/h9e/9870836596766.jpg,https://www.metro.ca/en/online-grocery/search-page-307
KANDJU,Mixed Gummy Candies Bag,160 g,"$4.69
 ea.",,$2.93 /100g,"Regular price
$4.99  ea.","Valid until Jan 24, 2024",https://product-images.metro.ca/images/h26/h9b/11068898607134.jpg,https://www.metro.ca/en/online-grocery/search-page-307
KANDJU,Sanded Mix Candies,160 g,"$4.99
 ea.",,$3.12 /100g,,,https://www.metro.ca/images/shared/placeholders/icon-no-picture.svg?v=2023.71.1.d1,https://www.metro.ca/en/online-grocery/search-page-307
KANDJU,Gummy Mix,160 g,"$4.99
 ea.",,$3.12 /100g,,,https://www.metro.ca/images/shared/placeholders/icon-no-picture.svg?v=2023.71.1.d1,https://www.metro.ca/en/online-grocery/search-page-307
COLLECTION ZERO,Silicone Container,1 un,"$7.99
 ea.",,$7.99 /un.,,,https://product-images.metro.ca/images/h55/h91/10674309955614.jpg,https://www.metro.ca/en/online-grocery/search-page-307
DAVIDSTEA,Organic Earl Grey Black Tea,12 un,"$9.99
 ea.",,$0.83 /un.,,,https://product-images.metro.ca/images/h98/h4c/11020929237022.jpg,https://www.metro.ca/en/online-grocery/search-page-307
DAVIDSTEA,Just Peachy Herbal Tea,12 un,"$9.99
 ea.",,$0.83 /un.,,,https://product-images.metro.ca/images/hdf/hcd/11020902957086.jpg,https://www.metro.ca/en/online-grocery/search-page-307
DAVIDSTEA,Caribbean Crush Tea,12 un,"$9.99
 ea.",,$0.83 /un.,,,https://product-images.metro.ca/images/h68/h06/11020857016350.jpg,https://www.metro.ca/en/online-grocery/search-page-307
DAVIDSTEA,Forever Nut Herbal Tea,12 un,"$9.99
 ea.",,$0.83 /un.,,,https://product-images.metro.ca/images/h62/hda/11020864978974.jpg,https://www.metro.ca/en/online-grocery/search-page-307
DAVIDSTEA,Cold 911 Organic Herbal Tea,12 un,"$9.99
 ea.",,$0.83 /un.,,,https://product-images.metro.ca/images/hcf/h80/11020839256094.jpg,https://www.metro.ca/en/online-grocery/search-page-307
DAVIDSTEA,Organic Cinnamon Chai Tea,12 un,"$9.99
 ea.",,$0.83 /un.,,,https://product-images.metro.ca/images/h13/he2/11020842532894.jpg,https://www.metro.ca/en/online-grocery/search-page-307
DAVIDSTEA,Mother'S Little Helper Organic Herbal Tea,12 un,"$9.99
 ea.",,$0.83 /un.,,,https://product-images.metro.ca/images/hec/hd2/11020921241630.jpg,https://www.metro.ca/en/online-grocery/search-page-307
DAVIDSTEA,Blood Orange Flavoured Green Tea,50 g,"$9.99
 ea.",,$19.98 /100g,,,https://product-images.metro.ca/images/h12/h44/11161826754590.jpg,https://www.metro.ca/en/online-grocery/search-page-307
DAVIDSTEA,Valerian Night Herbal Tea,50 g,"$9.99
 ea.",,$19.98 /100g,,,https://product-images.metro.ca/images/h1e/h5b/11162180714526.jpg,https://www.metro.ca/en/online-grocery/search-page-307
DAVIDSTEA,Fruity Matcha Herbal Tea,8 un,"$14.99
 ea.",,$1.87 /un.,,,https://product-images.metro.ca/images/h09/hc8/11169125761054.jpg,https://www.metro.ca/en/online-grocery/search-page-307
DAVIDSTEA,Headache Halo Herbal Tea,40 g,"$9.99
 ea.",,$24.98 /100g,,,https://product-images.metro.ca/images/hc9/hb2/11169486241822.jpg,https://www.metro.ca/en/online-grocery/search-page-307
CAPRINA,Fresh Goat'S Milk Legendary Bubble Bath With Lavende...,800 mL,"$5.99
 ea.",,$0.75 /100ml,,,,https://www.metro.ca/en/online-grocery/search-page-307
BROME LAKE DUKES,Frozen Piri Piri Style Duck Burger,250 g,"$13.99
 ea.",,$5.60 /100g,,,https://www.metro.ca/images/shared/placeholders/icon-no-picture.svg?v=2023.71.1.d1,https://www.metro.ca/en/online-grocery/search-page-307
BROME LAKE DUCKS,Frozen Dijon Mustard And Honey Flavoured Duck Burger,250 g,"$13.99
 ea.",,$5.60 /100g,,,https://product-images.metro.ca/images/h81/hb8/11665520263198.jpg,https://www.metro.ca/en/online-grocery/search-page-307
FOUR O'CLOCK,"Organic Mental Tonic Herbal Tea, Herbalist",20 un,"$6.99
 ea.",,$0.35 /un.,,,,https://www.metro.ca/en/online-grocery/search-page-307
IRRESISTIBLES,Avocado Oil Mayonnaise,890 mL,"$4.99
 ea.",,$0.56 /100ml,"Regular price
$5.79  ea.","Valid until Jan 24, 2024",https://product-images.metro.ca/images/hae/hb1/9375345475614.jpg,https://www.metro.ca/en/online-grocery/search-page-307
SELECTION,Toupie Style Smoked Ham Steaks,250 g,"$4.99
 ea.",,$2.00 /100g,,,https://product-images.metro.ca/images/hd1/hf8/10009492258846.jpg,https://www.metro.ca/en/online-grocery/search-page-307
IRRESISTIBLES,Sardines In Water,106 g,"$1.99
 ea.",,$1.88 /100g,"Regular price
$2.29  ea.","Valid until Jan 24, 2024",https://product-images.metro.ca/images/hc1/h19/9293948026910.jpg,https://www.metro.ca/en/online-grocery/search-page-307
,Beefsteak Tomatoes,454 g - 4 un,"$4.99
 ea.",,$1.10 /100g,,,https://product-images.metro.ca/images/hb5/h8d/11257205194782.jpg,https://www.metro.ca/en/online-grocery/search-page-307
IRRESISTIBLES,Beef Tortellini,2x250 g,"$6.00
 ea.",,$1.20 /100g,,,https://product-images.metro.ca/images/h6d/hb7/11521804763166.jpg,https://www.metro.ca/en/online-grocery/search-page-307
IRRESISTIBLES,3-Cheeses Flavoured Rainbow Tortellini,2x250 g,"$6.00
 ea.",,$1.20 /100g,,,https://product-images.metro.ca/images/ha3/h5d/11244104810526.jpg,https://www.metro.ca/en/online-grocery/search-page-308
SELECTION,Frozen Quarter Pound Beef And Pork Burgers,10 burgers - 1.13 kg,"$15.99
 ea.",,$1.42 /100g,,,https://product-images.metro.ca/images/hec/h15/11157647392798.jpg,https://www.metro.ca/en/online-grocery/search-page-308
SELECTION,"Coconut Macaroons With Chocolate Drizzle, Value Pack",420 g,"$9.49
 ea.",,$2.26 /100g,,,,https://www.metro.ca/en/online-grocery/search-page-308
MAXWELL HOUSE,House Blend Compostable K-Cup® Coffee Pods,60 un,"$31.99
 ea.",,$0.53 /un.,,,https://product-images.metro.ca/images/he1/hbf/10105482051614.jpg,https://www.metro.ca/en/online-grocery/search-page-308
KRAFT,"Coleslaw Dressing, Calorie-Wise",475 mL,"$4.49
 ea.",,$0.95 /100ml,,,,https://www.metro.ca/en/online-grocery/search-page-308
KRAFT,"Single Sliced Cheese, Singles",825 g,"$10.99
 ea.",,$1.33 /100g,,,,https://www.metro.ca/en/online-grocery/search-page-308
HEINZ,Burger Sauce,355 mL,"$4.99
 ea.",,$1.41 /100ml,"Regular price
$5.49  ea.","Valid until Jan 24, 2024",https://product-images.metro.ca/images/hb2/hf2/9987071541278.jpg,https://www.metro.ca/en/online-grocery/search-page-308
HERSHEY'S,"Chocolate And Nut Bar With Reese Peanut Butter, Oh H...",58 g,"$1.69
 ea.",,$2.91 /100g,,,,https://www.metro.ca/en/online-grocery/search-page-308
HERSHEY'S,Cookie And Creme Pretzel Bite,170 g,"$5.99
 ea.",,$3.52 /100g,,,https://product-images.metro.ca/images/hdb/hcc/9773922320414.jpg,https://www.metro.ca/en/online-grocery/search-page-308
KRAFT,Sliced Extra Cheddar Cheese,785 g,"$12.39
 ea.",,$1.58 /100g,,,https://product-images.metro.ca/images/h60/h51/10250691936286.jpg,https://www.metro.ca/en/online-grocery/search-page-308
KRAFT DINNER,Spicy Buffalo Flavoured Noodle Meal,58 g,"$2.49
 ea.",,$4.29 /100g,,,https://product-images.metro.ca/images/he3/h62/10823196114974.jpg,https://www.metro.ca/en/online-grocery/search-page-308
KRAFT DINNER,Poutine Flavoured Noodle Meal,58 g,"$2.49
 ea.",,$4.29 /100g,,,https://product-images.metro.ca/images/h47/h3c/10823196770334.jpg,https://www.metro.ca/en/online-grocery/search-page-308
HERSHEY'S,"Raisins And Chocolate Bites, Glosette",50 g,"$1.69
 ea.",,$3.38 /100g,,,,https://www.metro.ca/en/online-grocery/search-page-308
HERSHEY'S,"Almonds And Chocolate Bites, Glosette",50 g,"$1.69
 ea.",,$3.38 /100g,,,,https://www.metro.ca/en/online-grocery/search-page-308
GLAD,"Large Black Garbage Bags, ForceFlex",24 un,"$12.29
 ea.",,$0.51 /un.,,,,https://www.metro.ca/en/online-grocery/search-page-308
GLAD,Unscented Small White Garbage Bags,48 un,"$6.99
 ea.",,$0.15 /un.,"Regular price
$7.99  ea.","Valid until Feb 7, 2024",https://product-images.metro.ca/images/h8f/h88/11816985395230.jpg,https://www.metro.ca/en/online-grocery/search-page-308
FLORETTE,Julienne Beets,284 g,"$3.99
 ea.",,$1.40 /100g,,,https://product-images.metro.ca/images/hf7/h71/9528202919966.jpg,https://www.metro.ca/en/online-grocery/search-page-308
FLORETTE,Vegetable Julienne,340 g,"$3.49
 ea.",,$1.03 /100g,,,https://product-images.metro.ca/images/h94/h85/9528173723678.jpg,https://www.metro.ca/en/online-grocery/search-page-308
FLORETTE,Mixed Vegetables For Spaghetti Sauce,624 g,"$5.99
 ea.",,$0.96 /100g,,,https://product-images.metro.ca/images/ha2/hd5/9528191877150.jpg,https://www.metro.ca/en/online-grocery/search-page-308
FLORETTE,Mixed Vegetables For Garden Soup,624 g,"$5.99
 ea.",,$0.96 /100g,,,https://product-images.metro.ca/images/h32/h4c/9528192073758.jpg,https://www.metro.ca/en/online-grocery/search-page-308
FUNCARE,Paw Patrol™ Bubble Bath,700 mL,"$3.49
 ea.",,$0.50 /100ml,,,https://product-images.metro.ca/images/h09/h32/11590775472158.jpg,https://www.metro.ca/en/online-grocery/search-page-308
FLORETTE,Mixed Vegetables For Stew And Stir Fry Fresh,425 g,"$5.99
 ea.",,$1.41 /100g,,,https://product-images.metro.ca/images/h51/h13/11511780376606.jpg,https://www.metro.ca/en/online-grocery/search-page-308
LOTUS FOODS,Organic Gluten Free Traditional Pad Thai Rice Noodles,227 g,"$6.99
 ea.",,$3.08 /100g,,,https://product-images.metro.ca/images/h92/hb4/11665512398878.jpg,https://www.metro.ca/en/online-grocery/search-page-308
LA VOIE MALTÉE,"White Hefeweizen Beer, La Malcommode",473 mL - can,"$3.99
 ea.",,$0.84 /100ml,,,,https://www.metro.ca/en/online-grocery/search-page-308
LA VOIE MALTÉE,"Light Blonde Ale Beer, La Libertine",473 mL - can,"$3.99
 ea.",,$0.84 /100ml,,,,https://www.metro.ca/en/online-grocery/search-page-308
LA VOIE MALTÉE,"Red Bitter Beer, L’Ambiguë",473 mL - can,"$3.99
 ea.",,$0.84 /100ml,,,,https://www.metro.ca/en/online-grocery/search-page-308
LA VOIE MALTÉE,"Pale Ale Beer, La Faisant-Malt",473 mL,"$4.49
 ea.",,$0.95 /100ml,,,,https://www.metro.ca/en/online-grocery/search-page-308
LA VOIE MALTÉE,"Imperial IPA Beer, La Soutien-Gorge",473 mL - can,"$4.49
 ea.",,$0.95 /100ml,,,,https://www.metro.ca/en/online-grocery/search-page-308
THAI KITCHEN,Unsweeted Coconut Beverage,750 mL,"$4.99
 ea.",,$0.67 /100ml,,,https://product-images.metro.ca/images/ha0/h36/10792082866206.jpg,https://www.metro.ca/en/online-grocery/search-page-308
LA VOIE MALTÉE,"IPA Beer, La Racoleuse",473 mL,"$4.49
 ea.",,$0.95 /100ml,,,,https://www.metro.ca/en/online-grocery/search-page-308
LA VOIE MALTÉE,"Imperial Stout Beer, Ciminelle",473 mL,"$6.99
 ea.",,$1.48 /100ml,,,,https://www.metro.ca/en/online-grocery/search-page-309
JORDANS,"Wild About Berries Granola Clusters, Morning Crisp",400 g,"$6.99
 ea.",,$1.75 /100g,,,,https://www.metro.ca/en/online-grocery/search-page-309
JORDANS,"Honey Nut Granola Clusters, Morning Crisp",400 g,"$6.99
 ea.",,$1.75 /100g,,,,https://www.metro.ca/en/online-grocery/search-page-309
JORDANS,"Strawberry Granola Clusters, Morning Crisp",400 g,"$6.99
 ea.",,$1.75 /100g,,,,https://www.metro.ca/en/online-grocery/search-page-309
L'OSTIE D'SAUCE,Smoked And Spicy Bbq Sauce,375 mL,"$8.29
 ea.",,$2.21 /100ml,,,https://product-images.metro.ca/images/had/h97/9289129197598.jpg,https://www.metro.ca/en/online-grocery/search-page-309
SIMPLY DELISH,Sugar Free Butterscotch Keto Instant Pudding,48 g,"$2.99
 ea.",,$6.23 /100g,"Regular price
$3.29  ea.","Valid until Feb 7, 2024",https://www.metro.ca/images/shared/placeholders/icon-no-picture.svg?v=2023.71.1.d1,https://www.metro.ca/en/online-grocery/search-page-309
GHIRARDELLI,Milk Chocolate Caramel Squares,151 g,"$7.79
 ea.",,$5.16 /100g,"Regular price
$8.99  ea.","Valid until Jan 24, 2024",https://product-images.metro.ca/images/h17/h02/12084004651038.jpg,https://www.metro.ca/en/online-grocery/search-page-309
GHIRARDELLI,White Chocolate With Caramel,142 g,"$7.79
 ea.",,$5.49 /100g,"Regular price
$8.99  ea.","Valid until Jan 24, 2024",https://product-images.metro.ca/images/h34/h02/10021053333534.jpg,https://www.metro.ca/en/online-grocery/search-page-309
SO DELICIOUS,Non-Dairy Coconutmilk Frozen Sandwiches,8x68 mL,"$9.49
 ea.",,$1.74 /100ml,,,https://product-images.metro.ca/images/he3/h2d/12084006191134.jpg,https://www.metro.ca/en/online-grocery/search-page-309
CERAMA BRYTE,Microfiber Cleaning Pad And Scraper,1 un,"$5.99
 ea.",,$5.99 /un.,"Regular price
$7.49  ea.","Valid until Feb 7, 2024",https://product-images.metro.ca/images/h06/h42/11386413973534.jpg,https://www.metro.ca/en/online-grocery/search-page-309
ST-MICHEL,Butter Cookies,180 g,"$4.69
 ea.",,$2.61 /100g,"Regular price
$5.49  ea.","Valid until Jan 24, 2024",https://product-images.metro.ca/images/he7/h68/11937197850654.jpg,https://www.metro.ca/en/online-grocery/search-page-309
ST-MICHEL,Chocolate Flavoured Cookies,121 g,"$3.99
 ea.",,$3.30 /100g,,,https://product-images.metro.ca/images/hc8/he6/9485752238110.jpg,https://www.metro.ca/en/online-grocery/search-page-309
ILE DE FRANCE,Brie Cheese,250 g,"$9.29
 ea.",,$3.72 /100g,,,https://product-images.metro.ca/images/h4a/hd0/10997892382750.jpg,https://www.metro.ca/en/online-grocery/search-page-309
ILE DE FRANCE,Camembert Cheese,250 g,"$9.29
 ea.",,$3.72 /100g,,,https://product-images.metro.ca/images/hac/h79/10997894709278.jpg,https://www.metro.ca/en/online-grocery/search-page-309
SAINT ANDRÉ,Mini Cheese,200 g,"$9.99
 ea.",,$5.00 /100g,,,https://product-images.metro.ca/images/ha5/h95/11461929304094.jpg,https://www.metro.ca/en/online-grocery/search-page-309
ORAL-B,"Soft Radiant Toothbrush, Radiant Whitening",1 un,"$6.99
 ea.",,$6.99 /un.,,,,https://www.metro.ca/en/online-grocery/search-page-309
ORAL-B,"Ultra Soft Toothbrush, Sensi-Soft",2 un,"$7.99
 ea.",,$4.00 /un.,,,,https://www.metro.ca/en/online-grocery/search-page-309
AUGA,Organic Mushroom Soup,398 mL,"$6.99
 ea.",,$1.76 /100ml,,,https://product-images.metro.ca/images/h89/hd3/12354468741150.jpg,https://www.metro.ca/en/online-grocery/search-page-309
AUGA,Organic Butternut Squash Soup,387 mL,"$6.99
 ea.",,$1.81 /100ml,,,https://www.metro.ca/images/shared/placeholders/icon-no-picture.svg?v=2023.71.1.d1,https://www.metro.ca/en/online-grocery/search-page-309
AUGA,Organic Spicy Curry Soup,381 mL,"$6.99
 ea.",,$1.83 /100ml,,,https://www.metro.ca/images/shared/placeholders/icon-no-picture.svg?v=2023.71.1.d1,https://www.metro.ca/en/online-grocery/search-page-309
AUGA,Organic Three Lentils Soup,387 mL,"$6.99
 ea.",,$1.81 /100ml,,,https://www.metro.ca/images/shared/placeholders/icon-no-picture.svg?v=2023.71.1.d1,https://www.metro.ca/en/online-grocery/search-page-309
DION HERBES & ÉPICES,Ground Steak Spices,40 g,"$3.39
 ea.",,$8.48 /100g,,,https://product-images.metro.ca/images/h22/hd4/10319569551390.jpg,https://www.metro.ca/en/online-grocery/search-page-309
JOE BEEF,Frozen Macaroni Cheese,350 g,"$9.99
 ea.",,$2.85 /100g,,,https://product-images.metro.ca/images/hf5/hca/11412688240670.jpg,https://www.metro.ca/en/online-grocery/search-page-309
JOE BEEF,Frozen Normandy Pork,300 g,"$9.99
 ea.",,$3.33 /100g,,,https://product-images.metro.ca/images/h06/hbe/11412686372894.jpg,https://www.metro.ca/en/online-grocery/search-page-309
BIOVERT,Fresh Cotton Scented Laundry Detergent,4.43 L,"$14.99
 ea.",,$0.15 /load,,,https://product-images.metro.ca/images/h63/hb7/9331642400798.jpg,https://www.metro.ca/en/online-grocery/search-page-309
CT BAKERY,Boston Cream Donuts,6 un,"$8.49
 ea.",,$1.66 /100g,,,https://product-images.metro.ca/images/h42/hb4/10486617079838.jpg,https://www.metro.ca/en/online-grocery/search-page-309
CT BAKERY,Maple Flavoured Donuts,510 g,"$8.49
 ea.",,$1.66 /100g,,,https://product-images.metro.ca/images/h10/h1d/10486637395998.jpg,https://www.metro.ca/en/online-grocery/search-page-309
STIRRINGS,Margarita Cocktail Mix,750 mL,"$8.99
 ea.",,$1.20 /100ml,"Regular price
$9.99  ea.","Valid until Feb 7, 2024",https://product-images.metro.ca/images/h65/h1d/10804176945182.jpg,https://www.metro.ca/en/online-grocery/search-page-309
STIRRINGS,5 Calorie Margarita Cocktail Mix,750 mL,"$8.99
 ea.",,$1.20 /100ml,"Regular price
$9.99  ea.","Valid until Feb 7, 2024",https://product-images.metro.ca/images/h7b/h5b/10804153810974.jpg,https://www.metro.ca/en/online-grocery/search-page-309
CTBAKERY,Maple Flavoured Donuts,204 g,"$6.99
 ea.",,$3.43 /100g,,,https://www.metro.ca/images/shared/placeholders/icon-no-picture.svg?v=2023.71.1.d1,https://www.metro.ca/en/online-grocery/search-page-309
AKI SUSHI,"Gluten Free Sashimi Cut Salmon, Sushi Night",100 g,"$11.99
 ea.",,$11.99 /100g,,,,https://www.metro.ca/en/online-grocery/search-page-310
AKI SUSHI,"Frozen Gluten Free Saku Tuna, Sushi Night",225 g,"$23.99
 ea.",,$10.66 /100g,,,,https://www.metro.ca/en/online-grocery/search-page-310
AKI SUSHI,"Frozen Gluten Free Salmon Cubes, Sushi Night",225 g,"$19.99
 ea.",,$8.88 /100g,,,,https://www.metro.ca/en/online-grocery/search-page-310
AKI SUSHI,"Frozen Gluten Free Tuna Cubes, Sushi Night",225 g,"$23.99
 ea.",,$10.66 /100g,,,,https://www.metro.ca/en/online-grocery/search-page-310
AKI SUSHI,"Frozen Gluten Free Saku Salmon, Sushi Night",225 g,"$19.99
 ea.",,$8.88 /100g,,,,https://www.metro.ca/en/online-grocery/search-page-310
AKI SUSHI,Gluten Free Soy Sauce,240 mL,"$6.49
 ea.",,$2.70 /100ml,,,https://product-images.metro.ca/images/h73/hd6/11401381937182.jpg,https://www.metro.ca/en/online-grocery/search-page-310
AKI SUSHI,Small General Tao Chicken,370 g,"$13.99
 ea.",,$3.78 /100g,,,https://product-images.metro.ca/images/h7f/h54/11195854422046.jpg,https://www.metro.ca/en/online-grocery/search-page-310
PROMISE,Gluten Free Hot Dog Buns,280 g,"$7.79
 ea.",,$2.78 /100g,,,https://product-images.metro.ca/images/he4/he8/12191949226014.jpg,https://www.metro.ca/en/online-grocery/search-page-310
CHA'S ORGANICS,Canned Organic Young Jackfruit,400 mL,"$6.99
 ea.",,$1.75 /100ml,,,https://product-images.metro.ca/images/h3d/hb1/9323244486686.jpg,https://www.metro.ca/en/online-grocery/search-page-310
LA FORGE DU MALT,"Raspberry Belgian-Style White Beer, La Frambiose",473 mL - can,"$5.59
 ea.",,$1.18 /100ml,,,,https://www.metro.ca/en/online-grocery/search-page-310
LA FORGE DU MALT,"Belgian-Style White Beer, Grand Blanche",473 mL - can,"$5.29
 ea.",,$1.12 /100ml,,,,https://www.metro.ca/en/online-grocery/search-page-310
JULIE SNYDER,Balsamic & Mustard Dressing,250 mL,"$4.99
 ea.",,$2.00 /100ml,,,https://product-images.metro.ca/images/h3e/hcb/10498221244446.jpg,https://www.metro.ca/en/online-grocery/search-page-310
JULIE SNYDER,Tofu Sauce,700 mL,"$7.49
 ea.",,$1.07 /100ml,,,https://product-images.metro.ca/images/h3c/hf2/10498216624158.jpg,https://www.metro.ca/en/online-grocery/search-page-310
JULIE SNYDER,Vegetalian Bolognaise Sauce,700 mL,"$7.49
 ea.",,$1.07 /100ml,,,https://product-images.metro.ca/images/h9f/hf2/10498221441054.jpg,https://www.metro.ca/en/online-grocery/search-page-310
JULIE SNYDER,Tamari And Sesame Dressing,250 mL,"$4.99
 ea.",,$2.00 /100ml,,,https://product-images.metro.ca/images/hc7/h83/10498218491934.jpg,https://www.metro.ca/en/online-grocery/search-page-310
JULIE SNYDER,Lime Ricotta Sauce,700 mL,"$7.49
 ea.",,$1.07 /100ml,,,https://product-images.metro.ca/images/h4a/h83/10498223341598.jpg,https://www.metro.ca/en/online-grocery/search-page-310
LA FORGE DU MALT,"Strong IPA Beer, La Hop Rivet",473 mL,"$5.59
 ea.",,$1.18 /100ml,,,,https://www.metro.ca/en/online-grocery/search-page-310
TOPO CHICO,Strawberry And Guava Flavoured Alcoholic Sparkling W...,6x355 mL,"$13.99
 ea.",,$0.66 /100ml,"Regular price
$16.49  ea.","Valid until Feb 7, 2024",,https://www.metro.ca/en/online-grocery/search-page-310
ADONIS,Garlic Sauce,250 g,"$4.99
 ea.",,$2.00 /100g,,,https://product-images.metro.ca/images/h8d/h12/12192398344222.jpg,https://www.metro.ca/en/online-grocery/search-page-310
ADONIS,Classic Hummus,250 g,"$3.99
 ea.",,$1.60 /100g,,,https://product-images.metro.ca/images/h75/h83/11849616359454.jpg,https://www.metro.ca/en/online-grocery/search-page-310
PRANA,Organic Gluten-Free Maple And Spices Granola Crunch ...,300 g,"$5.99
 ea.",,$2.00 /100g,,,,https://www.metro.ca/en/online-grocery/search-page-310
LINDT,"Double Chocolate Truffles, Lindor",150 g,"$7.79
 ea.",,$5.19 /100g,"Regular price
$8.99  ea.","Valid until Jan 24, 2024",,https://www.metro.ca/en/online-grocery/search-page-310
MENARD,Sliced Bacon,500 g,"$12.99
 ea.",,$2.60 /100kg,,,https://product-images.metro.ca/images/h09/h39/12018963349534.jpg,https://www.metro.ca/en/online-grocery/search-page-310
STARBUCKS,True North Blend K-Cup Coffee Capsule,44 un,"$35.99
 ea.",,$6.54 /100g,,,https://product-images.metro.ca/images/hb7/h39/12266651090974.jpg,https://www.metro.ca/en/online-grocery/search-page-310
HOME EXCLUSIVES,Sunflower Pattern Paper Napkins,20 un,"$1.99
 ea.",,$0.10 /un.,,,https://www.metro.ca/images/shared/placeholders/icon-no-picture.svg?v=2023.71.1.d1,https://www.metro.ca/en/online-grocery/search-page-310
BARILLA,Farfalle,410 g,"$3.49
 ea.",,$0.85 /100g,,,https://product-images.metro.ca/images/h42/h5f/11820615073822.jpg,https://www.metro.ca/en/online-grocery/search-page-310
RISE KOMBUCHA,Organic Orange And Turmeric Sparkling Fermented Beve...,414 mL,"$3.69
 ea.",,$0.89 /100ml,"Regular price
$4.29  ea.","Valid until Feb 14, 2024",,https://www.metro.ca/en/online-grocery/search-page-310
TIDE,Unscented Hypoallergenic HE Liquid Laundry Detergent...,107 loads - 4.55 L,"$26.99
 ea.",,$0.59 /100ml,,,,https://www.metro.ca/en/online-grocery/search-page-310
BARILLA,Rotini,410 g,"$3.49
 ea.",,$0.85 /100g,,,https://product-images.metro.ca/images/h85/h33/11754300276766.jpg,https://www.metro.ca/en/online-grocery/search-page-310
QUAKER,Instant Oatmeal Variety Pack,314 g,"$3.49
 ea.",,$1.11 /100g,"Regular price
$4.99  ea.","Valid until Feb 7, 2024",https://product-images.metro.ca/images/hcc/h8f/11627139268638.jpg,https://www.metro.ca/en/online-grocery/search-page-310
QUAKER,Maple And Brown Sugar Instant Oatmeal,344 g,"$3.49
 ea.",,$1.15 /100g,"Regular price
$4.99  ea.","Valid until Feb 7, 2024",https://product-images.metro.ca/images/h2c/h1c/11937166098462.jpg,https://www.metro.ca/en/online-grocery/search-page-311
BARILLA,Spaghetti,410 g,"$3.49
 ea.",,$0.85 /100g,,,https://product-images.metro.ca/images/h56/h7f/11754295525406.jpg,https://www.metro.ca/en/online-grocery/search-page-311
BARILLA,Pennette,410 g,"$3.49
 ea.",,$0.85 /100g,,,https://product-images.metro.ca/images/h0f/h7c/11820617105438.jpg,https://www.metro.ca/en/online-grocery/search-page-311
BARILLA,Fettuccine Pasta,410 g,"$3.49
 ea.",,$0.85 /100g,,,https://product-images.metro.ca/images/h60/h41/11849519693854.jpg,https://www.metro.ca/en/online-grocery/search-page-311
JOLLY RANCHER,Watermelon And Green Apple Roll-Ups,141 g,"2 / 
$6.00",,or $3.99 ea. $2.13 /100g,,"Valid until Feb 7, 2024",https://product-images.metro.ca/images/h0c/h24/10308110549022.jpg,https://www.metro.ca/en/online-grocery/search-page-311
RIVIERA,"9% Cardamom Mango Bouquet Flavoured Yogurt, Versailles",4x120 g,"$7.29
 ea.",,$1.52 /100g,,,,https://www.metro.ca/en/online-grocery/search-page-311
SELECTION,Extra-Lean Cooked Ham,,"$2.29
 / 100 g",,$22.90 /kg$10.39 /lb.,"Regular price
$24.90  / kg","Valid until Jan 17, 2024",https://product-images.metro.ca/images/h7c/h31/9871221063710.jpg,https://www.metro.ca/en/online-grocery/search-page-311
CHEETOS,Mac'N Cheese,170 g,"$2.49
 ea.",,$1.46 /100g,,,https://product-images.metro.ca/images/h81/hed/12018877235230.jpg,https://www.metro.ca/en/online-grocery/search-page-311
MAILLE,Mayonnaise With A Hint Of Dijon Mustard,340 mL,"$7.99
 ea.",,$2.35 /100ml,,,https://product-images.metro.ca/images/h77/h87/11817078652958.jpg,https://www.metro.ca/en/online-grocery/search-page-311
FOLGERS,"100% Colombian Ground Coffee, 1850",340 g,"$5.50
 ea.",,$1.62 /100g,"Regular price
$10.99  ea.","Valid until Jun 20, 2024",,https://www.metro.ca/en/online-grocery/search-page-311
TWININGS,Goodnight™ Blend Herbal Tea Bags,50 un,"$9.99
 ea.",,$0.20 /un.,"Regular price
$10.99  ea.","Valid until Feb 7, 2024",https://product-images.metro.ca/images/hcf/hbe/12175132557342.jpg,https://www.metro.ca/en/online-grocery/search-page-311
DELECTABLES,"Assorted Flavours Cat Treats, Stew",240 g,"$6.99
 ea.",,$2.91 /100g,"Regular price
$7.99  ea.","Valid until Jan 24, 2024",,https://www.metro.ca/en/online-grocery/search-page-311
FINN CRISP,Multigrain Crackers,175 g,"$4.69
 ea.",,$2.68 /100g,,,https://product-images.metro.ca/images/ha3/h3d/12018864291870.jpg,https://www.metro.ca/en/online-grocery/search-page-311
HERSHEY'S,"Chocolate Bar, Oh Henry!",42 g,"$1.69
 ea.",,$4.02 /100g,,,,https://www.metro.ca/en/online-grocery/search-page-311
TIDE,"HE 4-In-1 Laundry Detergent Pacs With Oxi®, Pods",61 un,"$26.99
 ea.",,$1.49 /100kg,,,,https://www.metro.ca/en/online-grocery/search-page-311
OASIS,"Tropical Fruits Beverage, Hydrafruit",960 mL,"$2.39
 ea.",,$0.25 /100ml,,,,https://www.metro.ca/en/online-grocery/search-page-311
DARE,"Chocolate Covered Marshmallow Maple Cookies, Whippet",285 g,"$4.49
 ea.",,$1.58 /100g,,,,https://www.metro.ca/en/online-grocery/search-page-311
OLD EL PASO,Quesadilla Seasoning Mix,24 g,"2 / 
$3.00",,$6.25 /100g,"Regular price
$2.49  ea.","Valid until Jan 24, 2024",https://product-images.metro.ca/images/h75/hb3/11521600290846.jpg,https://www.metro.ca/en/online-grocery/search-page-311
REESE'S,Thins Peanut Butter Chocolate Cups,165 g,"$4.99
 ea.",,$3.02 /100g,"Regular price
$6.29  ea.","Valid until Jan 24, 2024",https://product-images.metro.ca/images/h6b/h5e/9652943061022.jpg,https://www.metro.ca/en/online-grocery/search-page-311
LAY'S,Reduced Fat Bar-B-Q Flavoured Oven Baked Chips,177 g,"2 / 
$7.50",,$2.12 /100g,"Regular price
$4.49  ea.","Valid until Jan 10, 2024",https://product-images.metro.ca/images/h2e/hdf/11134398431262.jpg,https://www.metro.ca/en/online-grocery/search-page-311
LIFE SMART,Frozen Butter Chicken,265 g,"$3.29
 ea.",,$1.24 /100g,,,https://product-images.metro.ca/images/hfc/hee/9873134780446.jpg,https://www.metro.ca/en/online-grocery/search-page-311
TIDE,"Laundry Detergent Pods, Pods",61 un,"$26.99
 ea.",,$0.44 /load,,,,https://www.metro.ca/en/online-grocery/search-page-311
MAILLE,Sweet And Sour Gherkins,375 mL,"$9.29
 ea.",,$2.48 /100ml,,,https://product-images.metro.ca/images/hb4/h04/10067542081566.jpg,https://www.metro.ca/en/online-grocery/search-page-311
TIM HORTONS,Chicken And Rice Soup,540 mL,"4 / 
$10.00",,or $3.49 ea. $0.46 /100ml,"Regular price
$4.79  ea.","Valid until Jan 24, 2024",https://product-images.metro.ca/images/hc3/hc3/9523657965598.jpg,https://www.metro.ca/en/online-grocery/search-page-311
DAWN,"Refreshing Rain Scented Dish Soap, Platinum",825 mL,"$6.29
 ea.",,$0.76 /100ml,,,,https://www.metro.ca/en/online-grocery/search-page-311
SAINT-ARNOULD MICROBREWERY,"Dry-Hopped Pale Ale Beer, Yé Midi Kek Part",473 mL - can,"$5.29
 ea.",,$1.12 /100ml,,,,https://www.metro.ca/en/online-grocery/search-page-311
RIVIERA,"9% Raspberry And Mint Flavoured Yogurt, Versailles",4x120g,"$7.29
 ea.",,$6.07 /100g,,,,https://www.metro.ca/en/online-grocery/search-page-311
DELECTABLES,"Assorted Flavours Cat Treats, Bisque",240 g,"$6.99
 ea.",,$2.91 /100g,"Regular price
$7.99  ea.","Valid until Jan 24, 2024",,https://www.metro.ca/en/online-grocery/search-page-311
LIFE SMART,Unsweetened Apple Sauce Snacks,6x113 g,"3 / 
$6.00",,or $2.99 ea. $0.29 /100g,,"Valid until Feb 7, 2024",https://product-images.metro.ca/images/h86/h10/10239227297822.jpg,https://www.metro.ca/en/online-grocery/search-page-311
MCCAFÉ,Premium Medium Dark Roast Fine Ground Decaffeinated ...,340 g,"$11.99
 ea.",,$3.53 /100g,,,,https://www.metro.ca/en/online-grocery/search-page-311
PONTI,Balsamic Vinegar Of Modena,500 mL,"$7.29
 ea.",,$1.46 /100ml,,,https://product-images.metro.ca/images/hc1/h1b/9633950072862.jpg,https://www.metro.ca/en/online-grocery/search-page-312
LIFE SMART,Hot Chili And Lime Flavoured Rice Crackers,100 g,"$1.99
 ea.",,$1.99 /100g,,,https://product-images.metro.ca/images/he2/h50/9742680784926.jpg,https://www.metro.ca/en/online-grocery/search-page-312
SELECTION,Frozen Green Peas,750 g,"$3.49
 ea.",,$0.47 /100g,"Regular price
$4.49  ea.","Valid until Jan 10, 2024",https://product-images.metro.ca/images/h74/h26/9662952210462.jpg,https://www.metro.ca/en/online-grocery/search-page-312
SELECTION,Frozen Whole Kernel Corn,750 g,"$3.49
 ea.",,$0.47 /100g,"Regular price
$4.49  ea.","Valid until Jan 10, 2024",https://product-images.metro.ca/images/he4/h2d/9662993825822.jpg,https://www.metro.ca/en/online-grocery/search-page-312
MARCANGELO,European Discovery Deli,200 g,"$12.99
 ea.",,$6.50 /100g,,,https://product-images.metro.ca/images/h07/h92/10123820171294.jpg,https://www.metro.ca/en/online-grocery/search-page-312
LIFE SMART,"Frozen Shelled Edamame, Organic",500 g,"$5.49
 ea.",,$1.10 /100g,,,,https://www.metro.ca/en/online-grocery/search-page-312
LIFE SMART,"Frozen Shell-On Edamame, Organic",500 g,"$5.49
 ea.",,$1.10 /100g,,,,https://www.metro.ca/en/online-grocery/search-page-312
O'SOLE MIO,Alfredo Sauce,300 mL,"$5.99
 ea.",,$2.00 /100ml,,,https://product-images.metro.ca/images/h0b/h98/11432841510942.jpg,https://www.metro.ca/en/online-grocery/search-page-312
SILK,Unsweetened Almond And Cashew Plant-Based Beverage,1.75 L,"$4.79
 ea.",,$0.27 /100ml,"Regular price
$6.29  ea.","Valid until Feb 14, 2024",https://product-images.metro.ca/images/hb0/h10/11627167318046.jpg,https://www.metro.ca/en/online-grocery/search-page-312
DORSET CEREALS,Dark Chocolate And Cherry Flavoured Granola Cereals,325 g,"$7.49
 ea.",,$2.30 /100g,,,https://product-images.metro.ca/images/hb0/hb4/11244055527454.jpg,https://www.metro.ca/en/online-grocery/search-page-312
IRRESISTIBLES,Frozen Tikka Masala Chicken,265 g,"$3.29
 ea.",,$1.24 /100g,,,https://product-images.metro.ca/images/h1b/h95/10073431080990.jpg,https://www.metro.ca/en/online-grocery/search-page-312
IRRESISTIBLES,Frozen Macaroni & Cheese With Bacon,300 g,"$3.29
 ea.",,$1.10 /100g,,,https://product-images.metro.ca/images/h15/h20/9879634804766.jpg,https://www.metro.ca/en/online-grocery/search-page-312
LIFE SMART,"Frozen Broccoli Florets, Organic",500 g,"$5.49
 ea.",,$1.10 /100g,,,,https://www.metro.ca/en/online-grocery/search-page-312
MARINA DEL REY,Frozen Raw Argentinian Wild Caught Shrimp,"300 g, size 20-40","$13.99
 ea.",,$4.66 /100g,,,https://product-images.metro.ca/images/hd2/hda/11869281058846.jpg,https://www.metro.ca/en/online-grocery/search-page-312
LIFE SMART,Cheese Rice Crackers,100 g,"$1.99
 ea.",,$1.99 /100g,,,https://product-images.metro.ca/images/h97/h30/9742643036190.jpg,https://www.metro.ca/en/online-grocery/search-page-312
RED BULL,Watermelon Flavoured Energy Drink,4x250 mL,"$8.99
 ea.",,$0.90 /100ml,"Regular price
$11.49  ea.","Valid until Jan 24, 2024",https://product-images.metro.ca/images/h7e/h19/11461880381470.jpg,https://www.metro.ca/en/online-grocery/search-page-312
CRACKER BARREL,Marble Cheddar Cheese Snacks,168 g,"$6.99
 ea.",,$4.16 /100g,,,https://product-images.metro.ca/images/h30/h7b/10143947653150.jpg,https://www.metro.ca/en/online-grocery/search-page-312
SELECTION,Semi-Sweet Chocolate Chunks,270 g,"$3.49
 ea.",,$1.29 /100g,"Regular price
$3.99  ea.","Valid until Feb 7, 2024",https://product-images.metro.ca/images/hc4/h87/9704197619742.jpg,https://www.metro.ca/en/online-grocery/search-page-312
LIFE SMART,Frozen Chicken Carbonara,244 g,"$3.29
 ea.",,$1.35 /100g,,,https://product-images.metro.ca/images/hf3/h64/9878130065438.jpg,https://www.metro.ca/en/online-grocery/search-page-312
TAZO,Organic Chai Black Tea,20 un,"$4.99
 ea.",,$0.25 /un.,"Regular price
$5.99  ea.","Valid until Feb 7, 2024",https://product-images.metro.ca/images/h03/h8d/12050958843934.jpg,https://www.metro.ca/en/online-grocery/search-page-312
PLAISIRS GASTRONOMIQUES,Indian Orzo Salad,385 g,"$6.99
 ea.",,$1.82 /100g,,,https://product-images.metro.ca/images/h2b/h32/9708354895902.jpg,https://www.metro.ca/en/online-grocery/search-page-312
LIFE SMART,Sesame Rice Crackers,100 g,"$1.99
 ea.",,$1.99 /100g,,,https://product-images.metro.ca/images/ha1/h47/9742635958302.jpg,https://www.metro.ca/en/online-grocery/search-page-312
MISS VICKIE'S,Unsalted Kettle Cooked Chips,200 g,"$5.29
 ea.",,$2.65 /100g,,,https://product-images.metro.ca/images/h7f/h6d/12279503716382.jpg,https://www.metro.ca/en/online-grocery/search-page-312
LIFE SMART,"Organic Large Brown Eggs, Free Range",12 un,"$8.49
 ea.",,$0.71 /un.,,,,https://www.metro.ca/en/online-grocery/search-page-312
CRACKER BARREL,Marble Cheddar Cheese Slices,240 g,"$5.69
 ea.",,$2.37 /100g,"Regular price
$7.49  ea.","Valid until Jan 10, 2024",https://product-images.metro.ca/images/hd0/h38/10152918089758.jpg,https://www.metro.ca/en/online-grocery/search-page-312
POP-TARTS,S'Mores Flavoured Toaster Pastries,384 g,"$2.99
 ea.",,$0.78 /100g,"Regular price
$4.49  ea.","Valid until Jan 10, 2024",https://product-images.metro.ca/images/h57/h16/9485749157918.jpg,https://www.metro.ca/en/online-grocery/search-page-312
CRACKER BARREL,Medium Cheddar Cheese Slices,240 g,"$5.69
 ea.",,$2.37 /100g,"Regular price
$7.49  ea.","Valid until Jan 10, 2024",https://product-images.metro.ca/images/hd0/h83/10152916647966.jpg,https://www.metro.ca/en/online-grocery/search-page-312
FRANK'S REDHOT,Original Cayenne Pepper Thick Sauce,354 mL,"$5.29
 ea.",,$1.49 /100ml,,,https://product-images.metro.ca/images/h6e/h34/9796335501342.jpg,https://www.metro.ca/en/online-grocery/search-page-312
EARTH'S OWN,"Original Flavour Organic Oat Beverage, Naked",1.75 L,"$7.79
 ea.",,$0.45 /100ml,,,,https://www.metro.ca/en/online-grocery/search-page-312
MR. NOODLES,Kimchi Flavoured Spicy Instant Noodles,64 g,"$1.29
 ea.",,$2.02 /100g,"Regular price
$1.49  ea.","Valid until Jan 24, 2024",https://product-images.metro.ca/images/h3a/h6d/9946549288990.jpg,https://www.metro.ca/en/online-grocery/search-page-312
DAINTY,Jasmine Rice,3.63 kg,"$24.29
 ea.",,$0.67 /100g,"Regular price
$25.49  ea.","Valid until Jan 24, 2024",https://product-images.metro.ca/images/h8c/h25/10715507228702.jpg,https://www.metro.ca/en/online-grocery/search-page-313
BEN'S ORIGINAL,"Chinese-Style Fried Rice, Fast & Fancy",132 g,"2 / 
$4.00",,$1.52 /100g,"Regular price
$2.49  ea.","Valid until Jan 24, 2024",,https://www.metro.ca/en/online-grocery/search-page-313
GENERAL MILLS,"Oats 'N Honey Crunch Cereal, Cheerios",516 g,"$8.99
 ea.",,$1.74 /100g,,,,https://www.metro.ca/en/online-grocery/search-page-313
BEN'S ORIGINAL,"Garden Vegetable Seasoned Rice, Fast & Fancy",132 g,"2 / 
$4.00",,$1.52 /100g,"Regular price
$2.49  ea.","Valid until Jan 24, 2024",,https://www.metro.ca/en/online-grocery/search-page-313
GENERAL MILLS,"Churros Flavoured Cereal, Cinnamon Toast Crunch",337 g,"2 / 
$8.00",,or $5.99 ea. $1.19 /100g,,"Valid until Feb 7, 2024",,https://www.metro.ca/en/online-grocery/search-page-313
OIKOS,"0% Plain Greek Yogurt, High Protein",650 g,"$7.99
 ea.",,$1.23 /100g,,,,https://www.metro.ca/en/online-grocery/search-page-313
MCCAIN,"Frozen Lightly Battered 9 Minute Potato Fries, Bistr...",600 g,"$5.49
 ea.",,$0.92 /100g,"Regular price
$6.79  ea.","Valid until Feb 14, 2024",,https://www.metro.ca/en/online-grocery/search-page-313
MAZOLA,Canola Oil,1.18 L,"$9.79
 ea.",,$0.83 /100ml,,,https://product-images.metro.ca/images/hfc/h33/10225679007774.jpg,https://www.metro.ca/en/online-grocery/search-page-313
MAZOLA,Pure Vegetable Oil,1.18 L,"$9.79
 ea.",,$0.83 /100ml,,,https://product-images.metro.ca/images/h26/h4b/10226019205150.jpg,https://www.metro.ca/en/online-grocery/search-page-313
LAVAZZA,Light Gran Aroma Ground Coffee,340 g,"$14.29
 ea.",,$4.20 /100g,,,https://www.metro.ca/images/shared/placeholders/icon-no-picture.svg?v=2023.71.1.d1,https://www.metro.ca/en/online-grocery/search-page-313
TEMPTATIONS,"Chicken Flavoured Cat Treats, Creamy Purrrr-Ée",130 g,"$4.79
 ea.",,$3.68 /100g,,,,https://www.metro.ca/en/online-grocery/search-page-313
SHEBA,"Chicken Flavoured Dry Wet Food, Perfect Portions",75 g,"$1.49
 ea.",,$1.99 /100g,"Regular price
$1.79  ea.","Valid until Jan 10, 2024",,https://www.metro.ca/en/online-grocery/search-page-313
SHAKER,Frozen Salmon Tartare With Greek Yogourt,130 g,"$13.99
 ea.",,$10.76 /100g,,,https://product-images.metro.ca/images/h20/h2f/11997387816990.jpg,https://www.metro.ca/en/online-grocery/search-page-313
SHAKER,Frozen Two Salmon Tartare,130 g,"$13.99
 ea.",,$10.76 /100g,,,https://product-images.metro.ca/images/h6d/he8/11997410590750.jpg,https://www.metro.ca/en/online-grocery/search-page-313
SHAKER,Frozen Oriental Red Tuna Tartare,130 g,"$13.99
 ea.",,$10.76 /100g,,,https://product-images.metro.ca/images/h18/hfe/11997391126558.jpg,https://www.metro.ca/en/online-grocery/search-page-313
,Radish,1 un,"$1.99
 ea.",,$1.99 /un.,"Regular price
$2.69  ea.","Valid until Jan 10, 2024",https://www.metro.ca/images/shared/placeholders/icon-no-picture.svg?v=2023.71.1.d1,https://www.metro.ca/en/online-grocery/search-page-313
MERITE,Cranberry And Orange Flavoured Bundt Cake,1 kg,"$15.99
 ea.",,$1.60 /100g,,,https://product-images.metro.ca/images/h71/he6/12272482680862.jpg,https://www.metro.ca/en/online-grocery/search-page-313
WHISKAS,"Tuna Flavoured Cat Treats, Creamy Purrrr-Ée",130 g,"$4.79
 ea.",,$3.68 /100g,,,,https://www.metro.ca/en/online-grocery/search-page-313
LAVAZZA,Crema E Gusto Classico Coffee Beans,340 g,"$14.29
 ea.",,$4.20 /100g,,,https://www.metro.ca/images/shared/placeholders/icon-no-picture.svg?v=2023.71.1.d1,https://www.metro.ca/en/online-grocery/search-page-313
LAVAZZA,Crema E Gusto Classico Coffee Beans,1 kg,"$21.99
 ea.",,$2.20 /100g,,,https://product-images.metro.ca/images/hd6/hdf/12272304062494.jpg,https://www.metro.ca/en/online-grocery/search-page-313
IRRESISTIBLES,Seafood Flavoured Crostini,448 g,"$14.99
 ea.",,$3.35 /100g,,,https://product-images.metro.ca/images/hf7/h31/12102076170270.jpg,https://www.metro.ca/en/online-grocery/search-page-313
KEEP CALM & SHINE,Canadian White Wine,4 L,"$44.99
 ea.",,$1.12 /100ml,,,https://product-images.metro.ca/images/h8f/h70/12210365890590.jpg,https://www.metro.ca/en/online-grocery/search-page-313
LIFE SMART,"Organic Gluten Free Orange Smoothie Mix, Organic",360 g,"$8.99
 ea.",,$2.50 /100g,,,,https://www.metro.ca/en/online-grocery/search-page-313
LAVAZZA,Qualita Rossa Ground Coffee,250 g,"$5.99
 ea.",,$2.40 /100g,,,https://product-images.metro.ca/images/hba/hfd/12272629940254.jpg,https://www.metro.ca/en/online-grocery/search-page-313
COTTONELLE,Flushable Wet Wipes,4x42 un,"$12.99
 ea.",,$0.08 /un.,"Regular price
$15.99  ea.","Valid until Feb 7, 2024",https://product-images.metro.ca/images/h6c/hcc/11687506608158.jpg,https://www.metro.ca/en/online-grocery/search-page-313
NOTCO,"Chicken Burger Frozen Meal, NotChicken Burger",340 g,"$8.99
 ea.",,$2.64 /100g,,,,https://www.metro.ca/en/online-grocery/search-page-313
MIRAGE,Mint Bamboo Toothpick,400 un,"$3.29
 ea.",,$0.01 /un.,,,https://www.metro.ca/images/shared/placeholders/icon-no-picture.svg?v=2023.71.1.d1,https://www.metro.ca/en/online-grocery/search-page-313
STARBURST,"Tropical Fruits Flavoured Sour Candies, Airs Gummies",122 g,"$3.69
 ea.",,$3.02 /100g,"Regular price
$4.19  ea.","Valid until Jan 24, 2024",,https://www.metro.ca/en/online-grocery/search-page-313
BÙ,Organic Spanish Rosé Wine,750 mL,"$15.99
 ea.",,$2.13 /100ml,,,https://product-images.metro.ca/images/hc6/hb0/11423353143326.jpg,https://www.metro.ca/en/online-grocery/search-page-313
GURU,Fruit Punch Flavoured Organic Theanine Energy Drink,355 mL,"$3.49
 ea.",,$0.98 /100ml,,,https://product-images.metro.ca/images/h06/h8e/11439538044958.jpg,https://www.metro.ca/en/online-grocery/search-page-313
MONTELLIER,Clementine Flavoured Carbonated Water,10x355 mL,"$6.99
 ea.",,$1.97 /100ml,,,https://product-images.metro.ca/images/h0c/h04/12175669067806.jpg,https://www.metro.ca/en/online-grocery/search-page-314
KELLOGG'S,"Original Cereal, Special K",545 g,"$8.29
 ea.",,$1.52 /100g,,,,https://www.metro.ca/en/online-grocery/search-page-314
M20,"Strawberry And Banana Flavoured Cereals, Q20",317 g,"2 / 
$8.00",,or $5.99 ea. $1.26 /100g,,"Valid until Feb 7, 2024",,https://www.metro.ca/en/online-grocery/search-page-314
ALPINA,White Ham,,"$3.99
 / 100 g",,$39.90 /kg$18.10 /lb.,"Regular price
$44.90  / kg","Valid until Jan 10, 2024",https://product-images.metro.ca/images/h84/hf3/11126497280030.jpg,https://www.metro.ca/en/online-grocery/search-page-314
SMART ONES,Frozen Chicken Fettuccine Meal,262 g,"3 / 
$10.00",,$1.27 /100g,"Regular price
$4.49  ea.","Valid until Feb 14, 2024",https://product-images.metro.ca/images/h56/hfd/12175846637598.jpg,https://www.metro.ca/en/online-grocery/search-page-314
GODIVA,Chocolate Duo Cakes,425 g,"$20.99
 ea.",,$4.94 /100g,,,https://product-images.metro.ca/images/ha8/hcc/12073531179038.jpg,https://www.metro.ca/en/online-grocery/search-page-314
METROGO!,"Ricotta-Filled Ravioli, Martin Juneau",350 g,"$11.99
 ea.",,$3.43 /100g,"Regular price
$12.99  ea.","Valid until Jan 10, 2024",https://product-images.metro.ca/images/h7e/hb3/11926829203486.jpg,https://www.metro.ca/en/online-grocery/search-page-314
CAMPBELL'S,Ready To Serve New England Clam Soup,515 mL,"$4.29
 ea.",,$0.83 /100ml,,,https://product-images.metro.ca/images/h79/h22/11679799836702.jpg,https://www.metro.ca/en/online-grocery/search-page-314
CAMPBELL'S,Ready To Serve Creamy Tomato Soup,515 mL,"$4.29
 ea.",,$0.83 /100ml,,,https://product-images.metro.ca/images/h19/h64/12210248646686.jpg,https://www.metro.ca/en/online-grocery/search-page-314
METROGO!,"Chicken Dumplings, Martin Juneau",300 g,"$11.99
 ea.",,$4.00 /100g,"Regular price
$12.99  ea.","Valid until Jan 10, 2024",https://product-images.metro.ca/images/he9/h0f/11926824615966.jpg,https://www.metro.ca/en/online-grocery/search-page-314
CAMPBELL'S,Ready To Serve Light Classic Chicken Noodle Soup,515 mL,"$4.29
 ea.",,$0.83 /100ml,,,https://product-images.metro.ca/images/h53/h1d/12210248056862.jpg,https://www.metro.ca/en/online-grocery/search-page-314
GENERAL MILLS,"Apple-Cinnamon Cereal, Cheerios",420 g,"2 / 
$8.00",,or $5.99 ea. $0.95 /100g,,"Valid until Feb 7, 2024",,https://www.metro.ca/en/online-grocery/search-page-314
MEOW MIX,Chicken And Tuna Flavoured Cat Food,1.36 kg,"$8.99
 ea.",,$0.66 /100g,"Regular price
$11.29  ea.","Valid until Jan 24, 2024",https://product-images.metro.ca/images/h42/hc2/10074001375262.jpg,https://www.metro.ca/en/online-grocery/search-page-314
GENERAL MILLS,"Oat Crunch Cereals With Almonds, Cheerios",516 g,"$8.99
 ea.",,$1.74 /100g,,,,https://www.metro.ca/en/online-grocery/search-page-314
KEEP CALM,"Grapefruit Flavoured Wine, & Live",750 mL,"$8.79
 ea.",,$1.17 /100ml,,,,https://www.metro.ca/en/online-grocery/search-page-314
LIFE SMART,Mandarin Oranges In Water,284 mL,"$0.94
 ea.",,$0.33 /100ml,"Regular price
$1.79  ea.","Valid until Jan 10, 2024",https://product-images.metro.ca/images/h0d/h7e/10437649399838.jpg,https://www.metro.ca/en/online-grocery/search-page-314
LIFE SMART,Reduced Sugar Fruits Cocktail In Water With Extra Ch...,796 mL,"$3.49
 ea.",,$0.44 /100ml,"Regular price
$4.49  ea.","Valid until Feb 7, 2024",,https://www.metro.ca/en/online-grocery/search-page-314
SVELTE,White Sangria,750 mL,"$9.49
 ea.",,$1.27 /100ml,,,https://product-images.metro.ca/images/hcf/hf6/11521653112862.jpg,https://www.metro.ca/en/online-grocery/search-page-314
,Everything Bagel Seasoning,141 g,"$6.49
 ea.",,$4.60 /100g,,,https://product-images.metro.ca/images/hc8/hc6/10882858352670.jpg,https://www.metro.ca/en/online-grocery/search-page-314
METROGO!,Legume Salad,,"$5.99
 ea.",(285 ea. avg.),$1.60 /100g,,,https://product-images.metro.ca/images/hec/ha3/9996462489630.jpg,https://www.metro.ca/en/online-grocery/search-page-314
BARILLA,Cut Macaroni Pasta,410 g,"$3.49
 ea.",,$0.85 /100g,,,https://product-images.metro.ca/images/h86/h16/11849519857694.jpg,https://www.metro.ca/en/online-grocery/search-page-314
TIDE,"Laundry Detergent Pods, Pods",81 un,"$29.49
 ea.",,$0.36 /un.,,,,https://www.metro.ca/en/online-grocery/search-page-314
BARILLA,Penne Rigate,410 g,"$3.49
 ea.",,$0.85 /100g,,,https://product-images.metro.ca/images/hcc/hd0/11820617629726.jpg,https://www.metro.ca/en/online-grocery/search-page-314
TIDE,Original Scented HE Liquid Laundry Detergent,4.55 L - 107 Loads,"$26.99
 ea.",,$0.59 /100ml,,,https://product-images.metro.ca/images/he0/hcd/12033709572126.jpg,https://www.metro.ca/en/online-grocery/search-page-314
KRAFT DINNER,Unicorn Shapes Macaroni And Cheese,156 g,"$2.69
 ea.",,$1.72 /100g,,,https://product-images.metro.ca/images/h55/h38/10486668328990.jpg,https://www.metro.ca/en/online-grocery/search-page-314
NESTLÉ,"Hot Chocolate Mix Variety Pack, Carnation",7x25 g,"$4.49
 ea.",,$2.57 /100g,"Regular price
$4.99  ea.","Valid until Feb 7, 2024",,https://www.metro.ca/en/online-grocery/search-page-314
LESTERS,Original Wieners,225 g,"$3.99
 ea.",,$1.77 /100g,,,https://product-images.metro.ca/images/h49/h3d/10547149144094.jpg,https://www.metro.ca/en/online-grocery/search-page-314
LIFE SMART,Raspberry And Apple Sauce Snacks,6x133 g,"3 / 
$6.00",,or $2.99 ea. $0.29 /100g,,"Valid until Feb 7, 2024",https://product-images.metro.ca/images/h20/hfa/10200586551326.jpg,https://www.metro.ca/en/online-grocery/search-page-314
CHEETOS,"Maple Leaf Shaped Puffs Snacks, Ketchup",54 g,"$2.19
 ea.",,$4.06 /100g,,,,https://www.metro.ca/en/online-grocery/search-page-314
CHRISTIE,"Zesty Jalapeno Flavoued Triscuit Crackers, Triscuit",200 g,"$4.49
 ea.",,$2.25 /100g,,,,https://www.metro.ca/en/online-grocery/search-page-314
BRASSERIE LES 2 FRÈRES,"Amber Ale Beer, Charles Henri",473 mL - can,"$3.49
 ea.",,$0.74 /100ml,,,,https://www.metro.ca/en/online-grocery/search-page-315
CRACKER BARREL,"Macaroni With Cheddar Cheese, Oven Baked",349 g,"$5.99
 ea.",,$1.72 /100g,,,,https://www.metro.ca/en/online-grocery/search-page-315
PERSONNELLE,Make-Up Removal Cosmetic Rounds,100 un,"$2.49
 ea.",,$0.02 /un.,,,https://product-images.metro.ca/images/he9/hc9/10200575639582.jpg,https://www.metro.ca/en/online-grocery/search-page-315
IRRESISTIBLES,Amber Maple Syrup,946 mL,"$17.49
 ea.",,$1.85 /100ml,,,https://product-images.metro.ca/images/h3b/h8d/11541198700574.jpg,https://www.metro.ca/en/online-grocery/search-page-315
SELECTION,Frozen Sweet Peas,750 g,"$3.49
 ea.",,$0.47 /100g,"Regular price
$4.49  ea.","Valid until Jan 10, 2024",https://product-images.metro.ca/images/h3c/hc0/9554703220766.jpg,https://www.metro.ca/en/online-grocery/search-page-315
CORONA EXTRA,Mexican Lager Beer,473 mL - can,"$4.69
 ea.",,$0.99 /100ml,,,https://product-images.metro.ca/images/hba/hd3/10379055661086.jpg,https://www.metro.ca/en/online-grocery/search-page-315
IRRESISTIBLES,Vanilla Roll Cookies,300 g,"$3.29
 ea.",,$1.10 /100g,,,https://product-images.metro.ca/images/hac/h37/9719829921822.jpg,https://www.metro.ca/en/online-grocery/search-page-315
TAZO,Green Tea,20 un,"$4.99
 ea.",,$0.25 /un.,"Regular price
$5.99  ea.","Valid until Feb 7, 2024",https://product-images.metro.ca/images/h52/h17/12050959925278.jpg,https://www.metro.ca/en/online-grocery/search-page-315
TAZO,English Breakfast Black Tea,20 un,"$4.99
 ea.",,$0.25 /un.,"Regular price
$5.99  ea.","Valid until Feb 7, 2024",https://product-images.metro.ca/images/h1a/hf8/12050956910622.jpg,https://www.metro.ca/en/online-grocery/search-page-315
CRACKER BARREL,Mexicana 3 Shredded Cheese Mix,320 g,"$9.99
 ea.",,$3.12 /100g,,,https://product-images.metro.ca/images/hb2/h2a/11574221602846.jpg,https://www.metro.ca/en/online-grocery/search-page-315
IRRESISTIBLES,Ontario Peach And Vanilla Flavoured Ice Cream,1.5 L,"$5.49
 ea.",,$0.37 /100ml,"Regular price
$7.29  ea.","Valid until Jan 10, 2024",https://product-images.metro.ca/images/h10/h62/11521582792734.jpg,https://www.metro.ca/en/online-grocery/search-page-315
TAZO,Chai Latte Tea,946 mL,"$8.49
 ea.",,$0.90 /100ml,,,https://product-images.metro.ca/images/hd7/ha7/9466978107422.jpg,https://www.metro.ca/en/online-grocery/search-page-315
LIFE SMART,"Large White Eggs, Omega-3",12 un,"$5.99
 ea.",,$0.50 /un.,,,,https://www.metro.ca/en/online-grocery/search-page-315
POP-TARTS,Frosted Strawberry Flavoured Toaster Pastries,384 g,"$2.99
 ea.",,$0.78 /100g,"Regular price
$4.49  ea.","Valid until Jan 10, 2024",https://product-images.metro.ca/images/h31/h34/9485765017630.jpg,https://www.metro.ca/en/online-grocery/search-page-315
EXCELDOR,Greek Style Herbs Chicken Breast Kabobs,320 g,"$10.99
 ea.",,$3.43 /100g,,,https://product-images.metro.ca/images/h6d/h5a/10029258375198.jpg,https://www.metro.ca/en/online-grocery/search-page-315
FRANK'S REDHOT,Buffalo 'N Ranch Thick Sauce,354 mL,"$5.29
 ea.",,$1.49 /100ml,,,https://product-images.metro.ca/images/h68/hf8/9796478271518.jpg,https://www.metro.ca/en/online-grocery/search-page-315
CREEMORE SPRINGS,"Non-Alcoholic Beer, Zero",12x355 mL - cans,"$21.99
 ea.",,$6.19 /100ml,,,,https://www.metro.ca/en/online-grocery/search-page-315
LIFE SMART,"Frozen Mixed Berries, Naturalia",500 g,"3 / 
$16.99",,or $6.99 ea. $1.13 /100g,,"Valid until Feb 14, 2024",,https://www.metro.ca/en/online-grocery/search-page-315
LAVAZZA,Gran Crema Espresso Barista Coffee Beans,1 kg,"$24.99
 ea.",,$2.50 /100kg,,,https://www.metro.ca/images/shared/placeholders/icon-no-picture.svg?v=2023.71.1.d1,https://www.metro.ca/en/online-grocery/search-page-315
BEN'S ORIGINAL,"Country Chicken Flavoured Rice, Fast & Fancy",132 g,"2 / 
$4.00",,$1.52 /100g,"Regular price
$2.49  ea.","Valid until Jan 24, 2024",,https://www.metro.ca/en/online-grocery/search-page-315
IRRESISTIBLES,Chocolate Flavoured Rolled Cookies,150 g,"$2.99
 ea.",,$1.99 /100g,,,https://product-images.metro.ca/images/hc9/hfd/12227559850014.jpg,https://www.metro.ca/en/online-grocery/search-page-315
CRACKER BARREL,Old Cheddar Cheese Slices,200 g,"$5.69
 ea.",,$2.85 /100g,"Regular price
$7.49  ea.","Valid until Jan 10, 2024",https://product-images.metro.ca/images/hf2/hf3/10101128298526.jpg,https://www.metro.ca/en/online-grocery/search-page-315
BEN'S ORIGINAL,Basmati Rice,400 g,"$6.49
 ea.",,$1.62 /100g,,,https://product-images.metro.ca/images/h72/h18/12245556461598.jpg,https://www.metro.ca/en/online-grocery/search-page-315
LAVAZZA,Medium Perfetto Ground Coffee,340 g,"$14.29
 ea.",,$4.20 /100g,,,https://www.metro.ca/images/shared/placeholders/icon-no-picture.svg?v=2023.71.1.d1,https://www.metro.ca/en/online-grocery/search-page-315
LIBERTÉ,"10% Plain Yogurt, Méditerranée",900 g,"$5.97
 ea.",,$0.66 /100g,"Regular price
$8.29  ea.","Valid until Jan 10, 2024",,https://www.metro.ca/en/online-grocery/search-page-315
LIBERTÉ,"2% Peach Flavoured Yogurt, Greek",750 g,"$5.97
 ea.",,$0.80 /100g,"Regular price
$8.29  ea.","Valid until Jan 10, 2024",,https://www.metro.ca/en/online-grocery/search-page-315
IRRESISTIBLES,Hazelnut Flavoured Rolled Cookies,150 g,"$2.99
 ea.",,$1.99 /100g,,,https://product-images.metro.ca/images/h2f/h52/12227531669534.jpg,https://www.metro.ca/en/online-grocery/search-page-315
PERSONNELLE,"Organic Banana, Apple And Plum Purée For Babies 6+ M...",128 mL,"$1.59
 ea.",,$1.24 /100ml,,,,https://www.metro.ca/en/online-grocery/search-page-315
SELECTION,Frozen Mixed Vegetables,750 g,"$3.49
 ea.",,$0.47 /100g,"Regular price
$4.49  ea.","Valid until Jan 10, 2024",https://product-images.metro.ca/images/h79/h71/9653739782174.jpg,https://www.metro.ca/en/online-grocery/search-page-315
OIKOS,"0% Vanilla Greek Yogurt, High Protein",650 g,"$7.99
 ea.",,$1.23 /100g,,,,https://www.metro.ca/en/online-grocery/search-page-315
KRAFT DINNER,Original Macaroni & Cheese,200 g,"$2.29
 ea.",,$1.15 /100g,,,https://product-images.metro.ca/images/h8e/h6b/12245678751774.jpg,https://www.metro.ca/en/online-grocery/search-page-316
SELECTION,Frozen Chopped Spinach,500 g,"$3.49
 ea.",,$0.70 /100g,"Regular price
$4.49  ea.","Valid until Jan 10, 2024",https://product-images.metro.ca/images/h9d/hc5/9653724839966.jpg,https://www.metro.ca/en/online-grocery/search-page-316
IRRESISTIBLES,Atlantic Salmon Poke,400 g,"$24.99
 ea.",,$6.25 /100g,,,https://product-images.metro.ca/images/h79/h7a/12175869804574.jpg,https://www.metro.ca/en/online-grocery/search-page-316
NAYA,Natural Spring Water,12x500 mL,"$2.49
 ea.",,$0.04 /100ml,"Regular price
$3.49  ea.","Valid until Feb 7, 2024",https://product-images.metro.ca/images/hd6/h72/12066740469790.jpg,https://www.metro.ca/en/online-grocery/search-page-316
QUAKER,"Sour Cream And Chive Flavoured Brown Rice Chips, Cri...",100 g,"$3.99
 ea.",,$3.99 /100g,,,,https://www.metro.ca/en/online-grocery/search-page-316
LIFE SMART,"Toasted Sesame Seed Oil, Organic",185 mL,"$5.29
 ea.",,$2.86 /100ml,,,,https://www.metro.ca/en/online-grocery/search-page-316
AURORA,Original Taralli,250 g,"$5.99
 ea.",,$2.40 /100g,,,https://product-images.metro.ca/images/hfc/h99/10711023288350.jpg,https://www.metro.ca/en/online-grocery/search-page-316
MCCAFÉ,Premium Medium Dark Roast K-Cup Coffee Pods,30 un,"3 / 
$54.99",,or $23.99 ea. $0.61 /un.,,"Valid until Feb 7, 2024",https://product-images.metro.ca/images/h6a/h2a/11509510144030.jpg,https://www.metro.ca/en/online-grocery/search-page-316
SELECTION,Marinara Pasta Sauce,650 mL,"$3.49
 ea.",,$0.54 /100ml,"Regular price
$4.19  ea.","Valid until Jan 24, 2024",https://product-images.metro.ca/images/h92/h5b/10402400305182.jpg,https://www.metro.ca/en/online-grocery/search-page-316
OLÉ! SANGRITA,Lemon & Lime Ice Tea Flavoured Wine Sangria,1 L,"$6.99
 ea.",,$0.70 /100ml,,,https://product-images.metro.ca/images/h67/h16/10497164148766.jpg,https://www.metro.ca/en/online-grocery/search-page-316
HICKSON,Grapefruit Flavoured Alcohol Free Gin Tonic,355 mL,"$3.49
 ea.",,$0.98 /100ml,,,https://product-images.metro.ca/images/he0/h1a/10711166812190.jpg,https://www.metro.ca/en/online-grocery/search-page-316
RED BULL,"Energy Drink, Dragon Fruit",355 mL,"$2.00
 ea.",,$0.56 /100ml,"Regular price
$3.99  ea.","Valid until Jun 13, 2024",https://product-images.metro.ca/images/hb8/h41/11499834081310.jpg,https://www.metro.ca/en/online-grocery/search-page-316
KNORR,Thai Curry Instant Noodles,69 g,"$3.29
 ea.",,$4.77 /100g,,,https://product-images.metro.ca/images/h48/he5/11857631969310.jpg,https://www.metro.ca/en/online-grocery/search-page-316
RED BULL,Apricot And Strawberry Flavoured Energy Drinks,4x250 mL,"$8.99
 ea.",,$3.60 /100ml,"Regular price
$11.49  ea.","Valid until Jan 24, 2024",https://product-images.metro.ca/images/hf5/h2f/11333086904350.jpg,https://www.metro.ca/en/online-grocery/search-page-316
OLIVIERI,Cheddar And Bacon Gnocchi,520 g,"$11.49
 ea.",,$2.21 /100g,,,https://product-images.metro.ca/images/h57/hdb/10454147039262.jpg,https://www.metro.ca/en/online-grocery/search-page-316
BETTY CROCKER,"Cinnamon Toast Crunch Cookie Mix, Cinnadust",357 g,"$4.19
 ea.",,$1.17 /100g,,,,https://www.metro.ca/en/online-grocery/search-page-316
QUAKER,"Salted Caramel Flavoured Brown Rice Chips, Crispy Minis",90 g,"$3.99
 ea.",,$4.43 /100g,,,,https://www.metro.ca/en/online-grocery/search-page-316
RITZ,Mini Crackers,200 g,"$3.49
 ea.",,$1.75 /100g,"Regular price
$4.19  ea.","Valid until Jan 24, 2024",https://product-images.metro.ca/images/hb1/haa/11320045535262.jpg,https://www.metro.ca/en/online-grocery/search-page-316
IRRESISTIBLES,Extra Meat Bolognese Pasta Sauce,650 mL,"$4.99
 ea.",,$0.77 /100ml,"Regular price
$5.49  ea.","Valid until Jan 24, 2024",https://product-images.metro.ca/images/h11/hbe/11521769766942.jpg,https://www.metro.ca/en/online-grocery/search-page-316
IRRESISTIBLES,Arrabiata Pasta Sauce,650 mL,"$4.99
 ea.",,$0.77 /100ml,"Regular price
$5.49  ea.","Valid until Jan 24, 2024",https://product-images.metro.ca/images/h68/h23/10319626207262.jpg,https://www.metro.ca/en/online-grocery/search-page-316
JORDANS,"Dark Chocolate And Cocoa Nibs Granola Clusters, Morn...",375 g,"$6.99
 ea.",,$1.86 /100g,,,,https://www.metro.ca/en/online-grocery/search-page-316
ORVILLE REDENBACHER,Sea Salt Flavoured Popping Corn Made With Avocado Oil,385 g,"$5.49
 ea.",,$1.43 /100g,"Regular price
$6.99  ea.","Valid until Jan 24, 2024",https://product-images.metro.ca/images/hb4/h44/10711180443678.jpg,https://www.metro.ca/en/online-grocery/search-page-316
PRANA,Organic Gluten Free Chocolate Chips Cookies,120 g,"$4.99
 ea.",,$4.16 /100g,,,https://product-images.metro.ca/images/hdd/ha9/11292952789022.jpg,https://www.metro.ca/en/online-grocery/search-page-316
GRISSOL,Garlic And Herbs Flavoured Croutons,135 g,"$2.49
 ea.",,$1.84 /100g,"Regular price
$2.99  ea.","Valid until Jan 24, 2024",https://product-images.metro.ca/images/h2f/h95/10518935830558.jpg,https://www.metro.ca/en/online-grocery/search-page-316
GRISSOL,Garden Herbs Flavoured Croutons,135 g,"$2.49
 ea.",,$1.84 /100g,"Regular price
$2.69  ea.","Valid until Jan 24, 2024",https://product-images.metro.ca/images/h62/h72/10519015391262.jpg,https://www.metro.ca/en/online-grocery/search-page-316
CAMPBELL'S,"Ready To Serve Beef And Stew Vegetable Soup, Chunky",515 mL,"$4.99
 ea.",,$0.97 /100ml,,,,https://www.metro.ca/en/online-grocery/search-page-316
SOYGANIC,Organic Firm Tofu,500 g,"$3.99
 ea.",,$0.80 /100g,,,https://product-images.metro.ca/images/h16/h94/9883520270366.jpg,https://www.metro.ca/en/online-grocery/search-page-316
K POUR KATRINE,Vegan Raspberry-Lime Cake,750 g,"$21.99
 ea.",,$2.93 /100g,,,https://product-images.metro.ca/images/hba/h39/11541253357598.jpg,https://www.metro.ca/en/online-grocery/search-page-316
SELECTION,Cooked Turkey Breast,,"$3.89
 / 100 g",,$38.90 /kg$17.64 /lb.,,,https://product-images.metro.ca/images/he2/ha0/9647891447838.jpg,https://www.metro.ca/en/online-grocery/search-page-316
BARILLA,Penne Lisce,410 g,"$3.49
 ea.",,$0.85 /100g,,,https://product-images.metro.ca/images/h04/h27/11754304700446.jpg,https://www.metro.ca/en/online-grocery/search-page-316
BARILLA,Spaghettini Pasta,100,"$3.49
 ea.",,$0.85 /100g,,,https://product-images.metro.ca/images/h29/he4/11754294837278.jpg,https://www.metro.ca/en/online-grocery/search-page-317
CADBURY,"Milk Chocolate Bar With Mini Eggs® Candy, Dairy Milk",152 g,"$4.49
 ea.",,$2.95 /100g,"Regular price
$5.29  ea.","Valid until Jan 24, 2024",,https://www.metro.ca/en/online-grocery/search-page-317
DEL MONTE,Chocolate Dipped Banana Frozen Bars,10x50 mL,"$5.99
 ea.",,$1.20 /100ml,"Regular price
$8.79  ea.","Valid until Jan 24, 2024",https://product-images.metro.ca/images/h67/h35/9858318008350.jpg,https://www.metro.ca/en/online-grocery/search-page-317
HIGH LINER,"Frozen Garlic And Herb Flavoured Butterfly Shrimp, P...",454 g,"$17.99
 ea.",,$3.96 /100g,,,,https://www.metro.ca/en/online-grocery/search-page-317
IRRESISTIBLES,Tomato With Extra Sausages Pasta Sauce,650 mL,"$4.99
 ea.",,$0.77 /100ml,"Regular price
$5.49  ea.","Valid until Jan 24, 2024",https://product-images.metro.ca/images/hfe/hd9/10319598682142.jpg,https://www.metro.ca/en/online-grocery/search-page-317
SILK,Dairy-Free Plain Oat Based Yogurt Style,640 g,"$5.49
 ea.",,$0.86 /100g,"Regular price
$6.79  ea.","Valid until Feb 14, 2024",https://product-images.metro.ca/images/h54/h05/10433155825694.jpg,https://www.metro.ca/en/online-grocery/search-page-317
SELECTION,"Bleach, Concentrated Formula",1.27 L,"$1.99
 ea.",,$0.16 /100ml,"Regular price
$2.79  ea.","Valid until Feb 7, 2024",,https://www.metro.ca/en/online-grocery/search-page-317
SELECTION,Black Forest Smoked Ham,,"$2.79
 / 100 g",,$27.90 /kg$12.66 /lb.,,,https://product-images.metro.ca/images/h03/hf1/9681624432670.jpg,https://www.metro.ca/en/online-grocery/search-page-317
MCCAIN,"Frozen Savoury Homefries, Breakfast",650 g,"$5.49
 ea.",,$0.84 /100g,"Regular price
$6.79  ea.","Valid until Feb 14, 2024",,https://www.metro.ca/en/online-grocery/search-page-317
STELLA ARTOIS,Belgian Blonde Lager Beer,473 mL - can,"$4.69
 ea.",,$0.99 /100ml,,,https://product-images.metro.ca/images/hee/hf6/9751242506270.jpg,https://www.metro.ca/en/online-grocery/search-page-317
QUAKER,"Farmhouse Cheddar Flavoured Brown Rice Chips, Crispy...",100 g,"$3.99
 ea.",,$3.99 /100g,,,,https://www.metro.ca/en/online-grocery/search-page-317
IRRESISTIBLES,Maple-Dijon Dressing,350 mL,"$3.99
 ea.",,$1.14 /100ml,"Regular price
$4.49  ea.","Valid until Jan 24, 2024",https://product-images.metro.ca/images/h70/h6a/9658425999390.jpg,https://www.metro.ca/en/online-grocery/search-page-317
PRANA,Organic Gluten Free Berry Fairy Overnight Chia Mix,250 g,"$6.99
 ea.",,$2.80 /100g,,,https://product-images.metro.ca/images/h6b/h43/11754327244830.jpg,https://www.metro.ca/en/online-grocery/search-page-317
WHITE CLAW,Peach Iced Tea Flavoured Alcoholic Malt Beverage,6x355 mL,"$14.99
 ea.",,$4.22 /100ml,,,https://product-images.metro.ca/images/h33/hd9/10486767714334.jpg,https://www.metro.ca/en/online-grocery/search-page-317
BEYOND,"Chicken, Carrot, And Peas Wet Dog Food, Grain Free",368 g,"2 / 
$5.50",,$0.75 /100g,"Regular price
$3.19  ea.","Valid until Jan 10, 2024",,https://www.metro.ca/en/online-grocery/search-page-317
PURINA ONE,Chicken And Rice Dry Cat Food,1.59 kg,"$10.99
 ea.",,$0.69 /100g,"Regular price
$12.99  ea.","Valid until Jan 24, 2024",https://product-images.metro.ca/images/h0b/he0/11493165105182.jpg,https://www.metro.ca/en/online-grocery/search-page-317
IRRESISTIBLES,Feta And Kalamata Olives Greek Dressing,350 mL,"$3.99
 ea.",,$1.14 /100ml,"Regular price
$4.49  ea.","Valid until Jan 24, 2024",https://product-images.metro.ca/images/h89/h83/9658394476574.jpg,https://www.metro.ca/en/online-grocery/search-page-317
IÖGO,1.5% Lactose-Free Vanilla Yogurt,2 kg,"$8.99
 ea.",,$0.45 /100kg,,,https://product-images.metro.ca/images/h61/hca/11161805750302.jpg,https://www.metro.ca/en/online-grocery/search-page-317
CAVENDISH FARMS,"Frozen Waffle Fries, Restaurant Style",540 g,"$4.99
 ea.",,$0.92 /100g,,,,https://www.metro.ca/en/online-grocery/search-page-317
LIFE SMART,Reduced Sugar Fruit Cocktail In Water,796 mL,"$3.49
 ea.",,$0.44 /100ml,"Regular price
$4.49  ea.","Valid until Feb 7, 2024",https://product-images.metro.ca/images/he8/h7e/11117425164318.jpg,https://www.metro.ca/en/online-grocery/search-page-317
SELECTION,Frozen Wheat Waffles,320 g,"$2.49
 ea.",,$0.78 /100g,,,https://product-images.metro.ca/images/hb9/h49/11521676607518.jpg,https://www.metro.ca/en/online-grocery/search-page-317
BARILLA,Pastina Pasta,340 g,"$3.49
 ea.",,$1.03 /100g,,,https://product-images.metro.ca/images/h0b/hc9/12191898042398.jpg,https://www.metro.ca/en/online-grocery/search-page-317
BARILLA,Orzo Pasta,340 g,"$3.49
 ea.",,$1.03 /100g,,,https://product-images.metro.ca/images/hda/hbe/11820613042206.jpg,https://www.metro.ca/en/online-grocery/search-page-317
NATREL,10% Organic Half And Half Cream,1 L,"$6.59
 ea.",,$0.66 /100ml,,,https://product-images.metro.ca/images/hca/h4d/9523770228766.jpg,https://www.metro.ca/en/online-grocery/search-page-317
MINUTE MAID,No Sugar Added Fruit Punch Juice,1.54 L,"$4.79
 ea.",,$0.31 /100ml,,,https://product-images.metro.ca/images/hef/hf2/11541275672606.jpg,https://www.metro.ca/en/online-grocery/search-page-317
KNORR,Japanese Miso Soup Instant Noodles,56 g,"$3.29
 ea.",,$5.88 /100g,,,https://product-images.metro.ca/images/h2a/hc0/11857633509406.jpg,https://www.metro.ca/en/online-grocery/search-page-317
MIKES,Double Pepperoni Stuffed Crust Frozen Pizza,820 g,"$11.99
 ea.",,$1.46 /100g,,,https://product-images.metro.ca/images/h7c/h7b/12191997788190.jpg,https://www.metro.ca/en/online-grocery/search-page-317
TIM HORTONS,Butternut Squash Ready To Serve Soup,540 mL,"4 / 
$10.00",,or $3.49 ea. $0.46 /100g,"Regular price
$4.79  ea.","Valid until Jan 24, 2024",https://product-images.metro.ca/images/h07/ha2/10454953558046.jpg,https://www.metro.ca/en/online-grocery/search-page-317
TIM HORTONS,Homestyle Chili Sauce,425 g,"$4.99
 ea.",,$1.17 /100g,,,https://product-images.metro.ca/images/heb/h29/9523641548830.jpg,https://www.metro.ca/en/online-grocery/search-page-317
OIKOS,11% Plain Yogurt,750 g,"$7.99
 ea.",,$1.07 /100g,,,https://product-images.metro.ca/images/hb6/h52/11570962333726.jpg,https://www.metro.ca/en/online-grocery/search-page-317
GENERAL MILLS,"Oat Cereal With Almonds Value Pack, Oatmeal Crisp",628 g,"$9.99
 ea.",,$1.59 /100g,,,,https://www.metro.ca/en/online-grocery/search-page-318
DEL MONTE,Mango And Peach Frozen Fruit Bars,10x50 mL,"$5.99
 ea.",,$1.20 /100ml,"Regular price
$8.79  ea.","Valid until Jan 24, 2024",https://product-images.metro.ca/images/h8d/hbf/9858264825886.jpg,https://www.metro.ca/en/online-grocery/search-page-318
LAY'S,Bold Mix Chips Variety Pack,18x28 g,"$10.99
 ea.",,$2.18 /100g,,,https://product-images.metro.ca/images/h03/h2a/12066559295518.jpg,https://www.metro.ca/en/online-grocery/search-page-318
DEL MONTE,Mixed Berry And Peach Flavoured Ice Pops,10x50 mL,"$5.99
 ea.",,$1.20 /100ml,"Regular price
$8.79  ea.","Valid until Jan 24, 2024",https://product-images.metro.ca/images/h36/h4a/9870873559070.jpg,https://www.metro.ca/en/online-grocery/search-page-318
IRRESISTIBLES,Cream Rosée Pasta Sauce,650 mL,"$4.99
 ea.",,$0.77 /100ml,"Regular price
$5.49  ea.","Valid until Jan 24, 2024",https://product-images.metro.ca/images/h56/h1c/12175114403870.jpg,https://www.metro.ca/en/online-grocery/search-page-318
LAY'S,Cheesy Chips Mix Variety Pack,18x28 g,"$10.99
 ea.",,$2.18 /100g,,,https://product-images.metro.ca/images/h1f/h8b/12066557493278.jpg,https://www.metro.ca/en/online-grocery/search-page-318
QUAKER,"All Dressed Flavoured Brown Rice Chips, Crispy Minis",100 g,"$3.99
 ea.",,$3.99 /100g,,,,https://www.metro.ca/en/online-grocery/search-page-318
LIFE SMART,Unsweetened Pear And Apple Sauce Snacks,6x113 g,"3 / 
$6.00",,or $2.99 ea. $0.29 /100g,,"Valid until Feb 7, 2024",https://product-images.metro.ca/images/h97/hfb/10200593399838.jpg,https://www.metro.ca/en/online-grocery/search-page-318
SEVENTH GENERATION,Unscented Dish Soap,561 mL,"$4.49
 ea.",,$0.80 /100ml,,,https://product-images.metro.ca/images/hcd/h60/10024753168414.jpg,https://www.metro.ca/en/online-grocery/search-page-318
LIFE SMART,Peach And Apple Sauce Snacks,6x133 g,"3 / 
$6.00",,or $2.99 ea. $0.29 /100g,,"Valid until Feb 7, 2024",https://product-images.metro.ca/images/h4a/h92/10200585764894.jpg,https://www.metro.ca/en/online-grocery/search-page-318
LIFE SMART,Unsweetened Cherry And Apple Sauce Snacks,6x113 g,"3 / 
$6.00",,or $2.99 ea. $0.29 /100g,,"Valid until Feb 7, 2024",https://product-images.metro.ca/images/hed/hb1/10200591237150.jpg,https://www.metro.ca/en/online-grocery/search-page-318
COMET,Powder Cleaner With Bleach,400 g,"$1.69
 ea.",,$0.42 /100g,,,https://product-images.metro.ca/images/h25/h4e/10040280285214.jpg,https://www.metro.ca/en/online-grocery/search-page-318
PEPSI,"Raspberry Flavoured Iced Tea, Lipton",12x340 mL,"$7.49
 ea.",,$2.20 /100ml,,,,https://www.metro.ca/en/online-grocery/search-page-318
LIFE SMART,"Cane Sugar, Organic",900 g,"$5.99
 ea.",,$0.67 /100g,,,,https://www.metro.ca/en/online-grocery/search-page-318
LIFE SMART,"Salted Butter, Organic",250 g,"$6.99
 ea.",,$2.80 /100g,,,,https://www.metro.ca/en/online-grocery/search-page-318
BARILLA,Ditali,410 g,"$3.49
 ea.",,$0.85 /100g,,,https://product-images.metro.ca/images/hdd/h00/12191905579038.jpg,https://www.metro.ca/en/online-grocery/search-page-318
SELECTION,Fruit Flavoured Cereal,580 g,"$4.99
 ea.",,$0.86 /100g,"Regular price
$5.99  ea.","Valid until Feb 7, 2024",https://product-images.metro.ca/images/hc6/h5f/10823322664990.jpg,https://www.metro.ca/en/online-grocery/search-page-318
RIVIERA,Plain Coconut Milk Kefir,946 mL,"$6.79
 ea.",,$0.72 /100ml,,,https://product-images.metro.ca/images/h6e/hbd/11574210428958.jpg,https://www.metro.ca/en/online-grocery/search-page-318
PURINA ONE,Salmon And Rice Adult Dry Cat Food,1.59 kg,"$10.99
 ea.",,$0.69 /100g,"Regular price
$12.99  ea.","Valid until Jan 24, 2024",https://product-images.metro.ca/images/hfe/h22/11493172838430.jpg,https://www.metro.ca/en/online-grocery/search-page-318
TRADITION,Apple Juice,1.5 L,"$3.99
 ea.",,$0.27 /100ml,"Regular price
$4.69  ea.","Valid until Jan 10, 2024",https://product-images.metro.ca/images/h4c/h0f/11754380492830.jpg,https://www.metro.ca/en/online-grocery/search-page-318
LIFE SMART,Unsweetened Blueberry And Apple Sauce Snacks,6x113 g,"$3.69
 ea.",,$0.54 /100g,"Regular price
$4.49  ea.","Valid until Feb 7, 2024",https://product-images.metro.ca/images/h42/h92/10040211374110.jpg,https://www.metro.ca/en/online-grocery/search-page-318
SELECTION,Frosted Flakes Cereal,650 g,"$4.99
 ea.",,$0.77 /100g,"Regular price
$5.99  ea.","Valid until Feb 7, 2024",https://product-images.metro.ca/images/hba/hf2/10823331872798.jpg,https://www.metro.ca/en/online-grocery/search-page-318
ATTITUDE,"Lemon Leaves Scented Hand Sanitizer Spray, Super Leaves",100 mL,"$5.49
 ea.",,$5.49 /100ml,"Regular price
$7.29  ea.","Valid until Feb 7, 2024",,https://www.metro.ca/en/online-grocery/search-page-318
MILK BONE,"Salmon Flavoured Dog Treats, Farmer'S Medley",280 g,"$5.79
 ea.",,$2.07 /100g,,,,https://www.metro.ca/en/online-grocery/search-page-318
HUGGIES,"Potty Training Pants For Boys, Size 4, Pull-Ups",74 un,"$36.99
 ea.",,$0.50 /un.,"Regular price
$39.99  ea.","Valid until Feb 7, 2024",,https://www.metro.ca/en/online-grocery/search-page-318
HUGGIES,"Potty Training Pants For Girls, Size 4, Pull-Ups",74 un,"$36.99
 ea.",,$0.50 /un.,"Regular price
$39.99  ea.","Valid until Feb 7, 2024",,https://www.metro.ca/en/online-grocery/search-page-318
HUGGIES,"Potty Training Pants For Boys, Size 5, Pull-Ups",66 un,"$36.99
 ea.",,$0.56 /un.,"Regular price
$39.99  ea.","Valid until Feb 7, 2024",,https://www.metro.ca/en/online-grocery/search-page-318
BEAR,Raspberry Flavoured Fruit Rolls,100 g,"$5.99
 ea.",,$5.99 /100g,"Regular price
$7.99  ea.","Valid until Feb 7, 2024",https://product-images.metro.ca/images/hfd/h4a/11351709614110.jpg,https://www.metro.ca/en/online-grocery/search-page-318
BEAR,Mango Flavoured Fruit Rolls,100 g,"$5.99
 ea.",,$5.99 /100g,"Regular price
$7.99  ea.","Valid until Feb 7, 2024",https://product-images.metro.ca/images/hd9/heb/11351709155358.jpg,https://www.metro.ca/en/online-grocery/search-page-318
BEAR,Strawberry Flavoured Fruit Rolls,100 g,"$5.99
 ea.",,$5.99 /100g,"Regular price
$7.99  ea.","Valid until Feb 7, 2024",https://product-images.metro.ca/images/h7a/h7e/11351708565534.jpg,https://www.metro.ca/en/online-grocery/search-page-318
OIKOS,"9% Vanilla Bean And Apricot Yogurt, Extra Creamy",650 g,"$7.99
 ea.",,$1.23 /100g,,,,https://www.metro.ca/en/online-grocery/search-page-319
SELECTION,Frozen Autumn Vegetable Mix,500 g,"$3.49
 ea.",,$0.70 /100g,"Regular price
$4.49  ea.","Valid until Jan 10, 2024",https://product-images.metro.ca/images/ha4/h28/9773895974942.jpg,https://www.metro.ca/en/online-grocery/search-page-319
LIFE SMART,"Crunchy Almond Butter, Naturalia",340 g,"$7.99
 ea.",,$2.35 /100g,"Regular price
$8.29  ea.","Valid until Feb 7, 2024",,https://www.metro.ca/en/online-grocery/search-page-319
EARTH'S OWN,"Chocolate Flavoured Fortified Oat Beverage, Fair Trade",946 mL,"4 / 
$10.00",,or $3.69 ea. $0.26 /100ml,,"Valid until Feb 7, 2024",,https://www.metro.ca/en/online-grocery/search-page-319
UNIBROUE,"Belgian-Style White Beer, Blanche De Chambly",12x355 mL - cans,"$22.99
 ea.",,$6.48 /100ml,,,,https://www.metro.ca/en/online-grocery/search-page-319
HUGGIES,"Training Pants For Girls, Size 5, Pull-Ups",66 un,"$36.99
 ea.",,$0.56 /un.,"Regular price
$39.99  ea.","Valid until Feb 7, 2024",,https://www.metro.ca/en/online-grocery/search-page-319
HUGGIES,"Nighttime Underwear For Boys, Size S-M, GoodNites",44 un,"$36.99
 ea.",,$0.84 /un.,"Regular price
$39.99  ea.","Valid until Feb 7, 2024",,https://www.metro.ca/en/online-grocery/search-page-319
IRRESISTIBLES,Apple Pie,1 kg,"$7.99
 ea.",,$0.80 /100g,"Regular price
$10.49  ea.","Valid until Jan 10, 2024",https://product-images.metro.ca/images/ha3/he5/11521597898782.jpg,https://www.metro.ca/en/online-grocery/search-page-319
PEPPERIDGE FARM,Cheddar And Monterey Jack Flavoured Oven-Baked Crack...,180 g,"$3.49
 ea.",,$1.94 /100g,"Regular price
$4.19  ea.","Valid until Jan 10, 2024",,https://www.metro.ca/en/online-grocery/search-page-319
LIFE SMART,"Amber Maple Syrup, Organic",250 mL,"$7.29
 ea.",,$2.92 /100ml,,,,https://www.metro.ca/en/online-grocery/search-page-319
LIFE SMART,"Very Dark Maple Syrup, Organic",250 mL,"$7.29
 ea.",,$2.92 /100ml,,,,https://www.metro.ca/en/online-grocery/search-page-319
HOEGAARDEN,Belgian White Beer,12x330 mL - cans,"$23.99
 ea.",,$0.61 /100ml,"Regular price
$25.99  ea.","Valid until Jan 10, 2024",https://product-images.metro.ca/images/h33/h98/9746945212446.jpg,https://www.metro.ca/en/online-grocery/search-page-319
TOM'S OF MAINE,Peppermint Flavoured Toothpaste,85 mL,"$6.29
 ea.",,$7.40 /100ml,,,https://product-images.metro.ca/images/h5a/ha4/11643031224350.jpg,https://www.metro.ca/en/online-grocery/search-page-319
S SENSE,Apple And Cinnamon Herbal Tea,10 un,"$2.29
 ea.",,$0.01 /un.,,,https://product-images.metro.ca/images/ha8/h50/9644949930014.jpg,https://www.metro.ca/en/online-grocery/search-page-319
CAFÉ WILLIAM,Dark Americano Ground Coffee,700 g,"$20.49
 ea.",,$2.93 /100g,,,https://product-images.metro.ca/images/he8/h65/11244058247198.jpg,https://www.metro.ca/en/online-grocery/search-page-319
RISE KOMBUCHA,Organic Raspberry And Vanilla Sparkling Fermented Be...,414 mL,"$3.69
 ea.",,$0.89 /100ml,"Regular price
$4.29  ea.","Valid until Feb 14, 2024",,https://www.metro.ca/en/online-grocery/search-page-319
LITEHOUSE,Dilly Dip,340 g,"$4.69
 ea.",,$1.38 /100g,"Regular price
$4.99  ea.","Valid until Jan 17, 2024",https://product-images.metro.ca/images/h35/h5f/12175209660446.jpg,https://www.metro.ca/en/online-grocery/search-page-319
ROBIN HOOD,Pizza Flour,2 kg,"$6.49
 ea.",,$0.32 /100g,"Regular price
$7.99  ea.","Valid until Feb 7, 2024",https://product-images.metro.ca/images/h35/ha4/10970253754398.jpg,https://www.metro.ca/en/online-grocery/search-page-319
PERSONNELLE,Colour Protection Solution Conditioner,355 mL,"$2.99
 ea.",,$0.84 /100ml,"Regular price
$4.99  ea.","Valid until Feb 7, 2024",https://product-images.metro.ca/images/h0e/h1a/11036474638366.jpg,https://www.metro.ca/en/online-grocery/search-page-319
MELITTA,Hazelnut Cream Coffee Beans,907 g,"$22.99
 ea.",,$2.53 /100g,,,https://product-images.metro.ca/images/h90/h44/11893160804382.jpg,https://www.metro.ca/en/online-grocery/search-page-319
PERSONNELLE,Colour Shine Shampoo,385 mL,"$2.99
 ea.",,$0.78 /100ml,"Regular price
$4.99  ea.","Valid until Feb 7, 2024",https://product-images.metro.ca/images/h0e/ha2/11036435251230.jpg,https://www.metro.ca/en/online-grocery/search-page-319
CARRÉMENT TARTE,3" Round Raspberry And Chocolate Tart,110 g,"4 / 
$14.00",,or $4.49 ea. $3.18 /100g,,"Valid until Jan 17, 2024",,https://www.metro.ca/en/online-grocery/search-page-319
CARRÉMENT TARTE,Fruit Tart,120 g,"4 / 
$14.00",,or $4.49 ea. $2.92 /100g,,"Valid until Jan 17, 2024",https://product-images.metro.ca/images/h04/hcf/11665664540702.jpg,https://www.metro.ca/en/online-grocery/search-page-319
CARRÉMENT TARTE,3" Round S'Mores Tart,80 g,"4 / 
$14.00",,or $4.49 ea. $4.38 /100g,,"Valid until Jan 17, 2024",,https://www.metro.ca/en/online-grocery/search-page-319
GODIVA,Caramel Chocolate Mousse Cake,85 g,"4 / 
$14.00",,or $4.99 ea. $4.12 /100g,,"Valid until Jan 17, 2024",https://product-images.metro.ca/images/h42/hf8/12171936170014.jpg,https://www.metro.ca/en/online-grocery/search-page-319
IRRESISTIBLES,"Assorted Flavours 1.5% Yogurts, Creamy",16x100 g,"$8.09
 ea.",,$0.51 /100g,,,,https://www.metro.ca/en/online-grocery/search-page-319
PERSONNELLE,Absolute Volume Conditioner,375 mL,"$2.99
 ea.",,$0.80 /100ml,"Regular price
$3.79  ea.","Valid until Feb 7, 2024",https://product-images.metro.ca/images/h94/h57/11122241699870.jpg,https://www.metro.ca/en/online-grocery/search-page-319
OLD EL PASO,"Taco Dinner Kit, Pockets",351 g,"$6.99
 ea.",,$1.99 /100g,,,,https://www.metro.ca/en/online-grocery/search-page-319
RED BULL,"Fig And Apple Flavoured Energizing Drink, Winter Edi...",355 mL,"$3.99
 ea.",,$1.12 /100ml,,,,https://www.metro.ca/en/online-grocery/search-page-319
DORITOS,Guacamole Flavoured Tortilla Chips,210 g,"2 / 
$8.50",,or $4.99 ea. $2.02 /100g,,"Valid until Jan 24, 2024",https://product-images.metro.ca/images/he3/h04/12234999037982.jpg,https://www.metro.ca/en/online-grocery/search-page-319
RESTO TO GO,"Vegetable & Chicken Frozen Meal, Thaï Express",400 g,"$7.79
 ea.",,$1.95 /100g,"Regular price
$8.79  ea.","Valid until Feb 14, 2024",,https://www.metro.ca/en/online-grocery/search-page-320
CARBONAUT,White Hamburger Buns,315 g,"$9.79
 ea.",,$3.11 /100g,,,https://product-images.metro.ca/images/h4b/h41/12192121847838.jpg,https://www.metro.ca/en/online-grocery/search-page-320
PETE AUTHENTIQUE,Frozen Bacon And Pepperoni Pizza,634 g,"$7.99
 ea.",,$1.26 /100g,"Regular price
$9.99  ea.","Valid until Jan 10, 2024",https://www.metro.ca/images/shared/placeholders/icon-no-picture.svg?v=2023.71.1.d1,https://www.metro.ca/en/online-grocery/search-page-320
IRRESISTIBLES,Original Hummus,227 g,"$3.99
 ea.",,$1.76 /100g,,,https://product-images.metro.ca/images/hc2/h1c/12175875899422.jpg,https://www.metro.ca/en/online-grocery/search-page-320
DANONE,"1.5% Blueberry Banana Smoothie Drinkable Yogurt, Act...",190 mL,"$2.39
 ea.",,$1.26 /100ml,,,,https://www.metro.ca/en/online-grocery/search-page-320
LIFE SMART,Fruit And Nut Muesli Cereal With Dark Chocolate,450 g,"$4.49
 ea.",,$1.00 /100g,"Regular price
$5.29  ea.","Valid until Feb 7, 2024",https://product-images.metro.ca/images/he5/h3c/11154109104158.jpg,https://www.metro.ca/en/online-grocery/search-page-320
LIFE SMART,"Pumpkin And Chia Seeds Granola, Naturalia",350 g,"$3.99
 ea.",,$1.14 /100g,"Regular price
$4.49  ea.","Valid until Feb 7, 2024",,https://www.metro.ca/en/online-grocery/search-page-320
MONSIEUR GUSTAV,Lactose-Free Plain Raclette Cheese,150 g,"$8.00
 ea.",,$5.33 /100g,"Regular price
$8.49  ea.","Valid until Jan 10, 2024",https://product-images.metro.ca/images/h4a/h8e/11893093433374.jpg,https://www.metro.ca/en/online-grocery/search-page-320
LIFE SMART,"Dark Chocolate Almond Granola Cereal, Naturalia",300 g,"$3.99
 ea.",,$1.33 /100g,"Regular price
$4.49  ea.","Valid until Feb 7, 2024",,https://www.metro.ca/en/online-grocery/search-page-320
IRRESISTIBLES,2% Strawberry Greek Yogurt,4x100 g,"$2.99
 ea.",,$0.75 /100g,"Regular price
$4.19  ea.","Valid until Jan 10, 2024",https://product-images.metro.ca/images/h3e/h86/12175331590174.jpg,https://www.metro.ca/en/online-grocery/search-page-320
,Belgian Bread,400 g,"$3.99
 ea.",,$1.00 /100g,"Regular price
$4.69  ea.","Valid until Jan 10, 2024",https://product-images.metro.ca/images/h09/h16/11122254413854.jpg,https://www.metro.ca/en/online-grocery/search-page-320
BETTY CROCKER,"Devil'S Food Flavoured Cake Mix, SuperMoist",375 g,"$2.00
 ea.",,$0.53 /100g,"Regular price
$2.69  ea.","Valid until Feb 7, 2024",,https://www.metro.ca/en/online-grocery/search-page-320
PETE AUTHENTIQUE,Beef And Pork Cheese Pâté,725 g,"$18.99
 ea.",,$2.62 /100g,"Regular price
$19.99  ea.","Valid until Jan 17, 2024",https://product-images.metro.ca/images/h77/h27/11412695089182.jpg,https://www.metro.ca/en/online-grocery/search-page-320
PETE AUTHENTIQUE,"Beef, Porc, Potatoes And Bacon Pâté",675 g,"$18.99
 ea.",,$2.81 /100g,"Regular price
$19.99  ea.","Valid until Jan 17, 2024",https://product-images.metro.ca/images/hcb/h35/11412694630430.jpg,https://www.metro.ca/en/online-grocery/search-page-320
BETTY CROCKER,"Rainbow Bit Cake Mix, SuperMoist",375 g,"$2.00
 ea.",,$0.53 /100g,"Regular price
$2.69  ea.","Valid until Feb 7, 2024",,https://www.metro.ca/en/online-grocery/search-page-320
ATTITUDE,"Sandalwood Scented Nourishing Shampoo, Leaves Bar",113 g,"$13.99
 ea.",,$12.38 /100g,"Regular price
$14.99  ea.","Valid until Feb 7, 2024",,https://www.metro.ca/en/online-grocery/search-page-320
,Boneless Beef Blade Half Roast,1,"$13.21
 avg. ea.",(600 g avg.),$22.02 /kg$9.99 /lb.,"Regular price
$24.23  avg. kg","Valid until Jan 10, 2024",https://product-images.metro.ca/images/hc8/h22/11122231115806.jpg,https://www.metro.ca/en/online-grocery/search-page-320
IRRESISTIBLES,Frozen Jalapeño Poppers Stuffed With Cream Cheese,400 g,"$8.99
 ea.",,$2.25 /100g,,,https://product-images.metro.ca/images/h9b/h5d/12084065337374.jpg,https://www.metro.ca/en/online-grocery/search-page-320
IRRESISTIBLES,Spinach Dip,200 g,"$3.99
 ea.",,$2.00 /100g,,,https://product-images.metro.ca/images/h60/h8f/12175906799646.jpg,https://www.metro.ca/en/online-grocery/search-page-320
PRINGLES,"Cheddar Flavoured Scorchin Potato Chip, Scorchin",156 g,"$3.99
 ea.",,$2.56 /100g,,,,https://www.metro.ca/en/online-grocery/search-page-320
PRINGLES,"BBQ Flavoured Chips, Scorchin",156 g,"$3.99
 ea.",,$2.56 /100g,,,,https://www.metro.ca/en/online-grocery/search-page-320
FLEECY,"Hawaiian Escape Scented Softener, Sensations",1.36 L,"$5.49
 ea.",,$0.40 /100ml,"Regular price
$6.49  ea.","Valid until Feb 7, 2024",,https://www.metro.ca/en/online-grocery/search-page-320
DOWNY,"Cool Cotton Scented Laundry Odor Remover, Rinse & Re...",754 mL,"$8.99
 ea.",,$1.19 /100ml,,,,https://www.metro.ca/en/online-grocery/search-page-320
DOWNY,"Fresh Lavender Scented Laundry Odor Remover, Rinse &...",754 mL,"$8.99
 ea.",,$1.19 /100ml,,,,https://www.metro.ca/en/online-grocery/search-page-320
FAVUZZI,Balsamic Vinegar Cream,150 mL,"$9.99
 ea.",,$6.66 /100ml,,,https://product-images.metro.ca/images/h58/hba/11157854027806.jpg,https://www.metro.ca/en/online-grocery/search-page-320
PILAROS,Pitted Kalamata Olives,4x60 g,"$6.49
 ea.",,$2.70 /100g,,,https://product-images.metro.ca/images/hf1/h47/12175368224798.jpg,https://www.metro.ca/en/online-grocery/search-page-320
PILAROS,Pitted Green Olives,4x60 g,"$6.49
 ea.",,$2.70 /100g,,,https://product-images.metro.ca/images/hd0/h26/11665553948702.jpg,https://www.metro.ca/en/online-grocery/search-page-320
PETE AUTHENTIQUE,Frozen Pepperoni Pizza,635 g,"$7.99
 ea.",,$1.26 /100g,"Regular price
$9.99  ea.","Valid until Jan 10, 2024",https://product-images.metro.ca/images/h8f/h29/11412697055262.jpg,https://www.metro.ca/en/online-grocery/search-page-320
PETE AUTHENTIQUE,Frozen BBQ Chicken Pizza,628 g,"$7.99
 ea.",,$1.27 /100g,"Regular price
$9.99  ea.","Valid until Jan 10, 2024",https://product-images.metro.ca/images/h43/he1/11412697088030.jpg,https://www.metro.ca/en/online-grocery/search-page-320
PETE AUTHENTIQUE,Frozen All Dressed With Bacon Pizza,696 g,"$7.99
 ea.",,$1.15 /100g,"Regular price
$9.99  ea.","Valid until Jan 10, 2024",https://product-images.metro.ca/images/hbf/h87/11412697382942.jpg,https://www.metro.ca/en/online-grocery/search-page-320
STEFANO,Plant-Based Bolognese Tomato Sauce,635 mL,"$8.49
 ea.",,$1.34 /100ml,"Regular price
$8.99  ea.","Valid until Jan 24, 2024",https://product-images.metro.ca/images/hc0/h11/11257310019614.jpg,https://www.metro.ca/en/online-grocery/search-page-321
MERIT,Sesame Belgian Bread,465 g,"$3.99
 ea.",,$0.86 /100g,"Regular price
$4.49  ea.","Valid until Jan 10, 2024",https://www.metro.ca/images/shared/placeholders/icon-no-picture.svg?v=2023.71.1.d1,https://www.metro.ca/en/online-grocery/search-page-321
OATBOX,Organic Vanilla Flavoured Oat Bars,5x24 g,"$4.79
 ea.",,$3.99 /100g,,,https://product-images.metro.ca/images/h5b/hd2/11103250972702.jpg,https://www.metro.ca/en/online-grocery/search-page-321
IRRESISTIBLES,"Mini Caramel, Pecan And Cappuccino Flavoured Cheesec...",330 g,"$10.99
 ea.",,$3.33 /100g,"Regular price
$12.49  ea.","Valid until Jan 10, 2024",,https://www.metro.ca/en/online-grocery/search-page-321
LIFE SMART,Chocolate Chip Granola,450 g,"$3.99
 ea.",,$0.89 /100g,"Regular price
$4.49  ea.","Valid until Feb 7, 2024",https://product-images.metro.ca/images/hb4/hd7/11154098749470.jpg,https://www.metro.ca/en/online-grocery/search-page-321
RIVIERA,Vanilla And Oat Based Vegan Yogurt,650 g,"$6.79
 ea.",,$1.04 /100g,,,https://product-images.metro.ca/images/hfa/h3b/11103261392926.jpg,https://www.metro.ca/en/online-grocery/search-page-321
AMSTEL ULTRA,Dutch Light Lager Beer,12x355 mL,"$23.99
 ea.",,$0.56 /100ml,"Regular price
$25.99  ea.","Valid until Jan 10, 2024",https://product-images.metro.ca/images/h47/hfa/11101313761310.jpg,https://www.metro.ca/en/online-grocery/search-page-321
BABY GOURMET,Sweet Potato Coconut Mash Puree For 6+ Months,113 mL,"$2.49
 ea.",,$2.20 /100ml,,,https://product-images.metro.ca/images/h85/hcf/12192304791582.jpg,https://www.metro.ca/en/online-grocery/search-page-321
NAGANO,Garlic & Herbs Sicilian Style Pork Roast,530 g,"2 / 
$28.48",,or $18.99 ea. $2.69 /100g,"Regular price
$19.99  ea.","Valid until Jan 10, 2024",https://product-images.metro.ca/images/h49/h85/11438116306974.jpg,https://www.metro.ca/en/online-grocery/search-page-321
IRRESISTIBLES,Green And Black Olives Twists Puff Pastries,100 g,"$3.49
 ea.",,$3.49 /100g,,,https://product-images.metro.ca/images/hd1/h92/12263502118942.jpg,https://www.metro.ca/en/online-grocery/search-page-321
CAFÉ WILLIAM,Grand Italia Espresso Coffee Beans,800 g,"$20.99
 ea.",,$2.62 /100g,,,https://product-images.metro.ca/images/h6c/hbd/12258624700446.jpg,https://www.metro.ca/en/online-grocery/search-page-321
AIR WICK,"Scented Oil Diffusser Kit, Vibrant",1 un,"$9.49
 ea.",,$9.49 /un.,,,,https://www.metro.ca/en/online-grocery/search-page-321
LE MIEL D'ÉMILIE,Dark Liquid Mint Honey,375 g,"$7.49
 ea.",,$2.00 /100g,,,https://product-images.metro.ca/images/h3a/h6b/11453506551838.jpg,https://www.metro.ca/en/online-grocery/search-page-321
PRIME,Blue Raspberry Flavoured Energy Drink,355 mL,"$4.99
 ea.",,$1.41 /100ml,,,https://product-images.metro.ca/images/hca/h5e/11883562893342.jpg,https://www.metro.ca/en/online-grocery/search-page-321
SHEBA,"Salmon Cat Food, Perfect Portions",75 g,"$1.49
 ea.",,$1.99 /100g,"Regular price
$1.79  ea.","Valid until Jan 10, 2024",,https://www.metro.ca/en/online-grocery/search-page-321
BETTY CROCKER,"Original Pancake & Baking Mix, Bisquick",1.13 kg,"$5.49
 ea.",,$0.49 /100g,,,,https://www.metro.ca/en/online-grocery/search-page-321
LIFE SMART,"Raspberry Spread, Naturalia",250 mL,"$4.69
 ea.",,$1.88 /100ml,,,,https://www.metro.ca/en/online-grocery/search-page-321
BLEU MER,Lemon And Garlic Stuffed Salmon,185 g,"$9.99
 ea.",,$5.40 /100g,"Regular price
$11.99  ea.","Valid until Jan 10, 2024",https://product-images.metro.ca/images/h9a/h71/11430740918302.jpg,https://www.metro.ca/en/online-grocery/search-page-321
CHEEZ-IT,"Cheese Crackers, Snap'D",213 g,"$5.49
 ea.",,$2.58 /100g,,,,https://www.metro.ca/en/online-grocery/search-page-321
OASIS,"Strawberry Raspberry Juice With Calcium, Health Break",1.6 L,"$3.99
 ea.",,$0.25 /100ml,"Regular price
$5.49  ea.","Valid until Jan 10, 2024",,https://www.metro.ca/en/online-grocery/search-page-321
OASIS,"Concord Grape, Raspberry And Pomegranate Flavoured A...",1.6 L,"$3.99
 ea.",,$0.25 /100ml,"Regular price
$5.49  ea.","Valid until Jan 10, 2024",,https://www.metro.ca/en/online-grocery/search-page-321
OASIS,Orange Raspberry Passion Fruit Juice,1.6 L,"$3.99
 ea.",,$0.25 /100ml,"Regular price
$5.49  ea.","Valid until Jan 10, 2024",https://product-images.metro.ca/images/he5/hcf/11478062170142.jpg,https://www.metro.ca/en/online-grocery/search-page-321
PREMIÈRE MOISSON,White Sourdough Loaf,500 g,"2 / 
$10.00",,or $6.29 ea. $1.00 /100g,,"Valid until Jan 17, 2024",https://product-images.metro.ca/images/he0/hb7/11432917499934.jpg,https://www.metro.ca/en/online-grocery/search-page-321
IRRESISTIBLES,Peanut Butter And Chocolate Flavoured Non-Dairy Froz...,500 mL,"$6.49
 ea.",,$1.30 /100ml,"Regular price
$6.99  ea.","Valid until Feb 14, 2024",,https://www.metro.ca/en/online-grocery/search-page-321
OASIS,"Lactose Free Strawberry And Banana Juice, Smoothie",1.6 L,"$3.99
 ea.",,$0.25 /100ml,"Regular price
$5.49  ea.","Valid until Jan 10, 2024",,https://www.metro.ca/en/online-grocery/search-page-321
TIDE,Botanical Rain Scented HE Compatible Laundry Deterge...,48 un,"$29.49
 ea.",,$0.61 /un.,,,,https://www.metro.ca/en/online-grocery/search-page-321
MONSIEUR COCKTAIL,"Amaretto Sour Non-Alcoholic Cocktail, Noa",4x250 mL,"$13.99
 ea.",,$1.40 /100ml,,,,https://www.metro.ca/en/online-grocery/search-page-321
OASIS,Orchad Fruits Mixed Fruit Juice,1.6 L,"$3.99
 ea.",,$0.25 /100ml,"Regular price
$5.49  ea.","Valid until Jan 10, 2024",https://product-images.metro.ca/images/hfc/h21/11478117351454.jpg,https://www.metro.ca/en/online-grocery/search-page-321
,Risotto Stuffed Beef Alouette,,"$7.71
 avg. ea.",(350 g avg.),$22.02 /kg$9.99 /lb.,"Regular price
$24.23  avg. kg","Valid until Jan 10, 2024",https://product-images.metro.ca/images/h47/h80/12146496045086.jpg,https://www.metro.ca/en/online-grocery/search-page-321
OASIS,Orange Mango Fruit Juice,1.6 L,"$3.99
 ea.",,$0.25 /100ml,"Regular price
$5.49  ea.","Valid until Jan 10, 2024",https://product-images.metro.ca/images/h26/h68/11478067380254.jpg,https://www.metro.ca/en/online-grocery/search-page-321
OASIS,"Veggie And Fruit Green Juice, Green Activ Smoothie",1.6 L,"$3.99
 ea.",,$0.25 /100ml,"Regular price
$5.49  ea.","Valid until Jan 10, 2024",,https://www.metro.ca/en/online-grocery/search-page-322
,Risotto Stuffed Pork Tenderloin,,"$7.92
 avg. ea.",(450 g avg.),$17.61 /kg$7.99 /lb.,"Regular price
$22.02  avg. kg","Valid until Jan 10, 2024",https://product-images.metro.ca/images/hdc/h76/12146518884382.jpg,https://www.metro.ca/en/online-grocery/search-page-322
SELECTION,Macaroni Cheese Salad,454 g,"$2.99
 ea.",,$0.66 /100g,"Regular price
$3.49  ea.","Valid until Jan 10, 2024",https://product-images.metro.ca/images/h98/h8a/12175661563934.jpg,https://www.metro.ca/en/online-grocery/search-page-322
ILLY,"Bold Roast Coffee Capsule, Blend",119 g,"$11.49
 ea.",,$9.66 /100g,,,,https://www.metro.ca/en/online-grocery/search-page-322
TRE STELLE,Sun-Ripened Tomato Cream Cheese,200 g,"$4.49
 ea.",,$2.25 /100g,,,https://product-images.metro.ca/images/hbf/h33/11457640792094.jpg,https://www.metro.ca/en/online-grocery/search-page-322
PRANA,"Organic And Gluten Free Brownie Crunch Cereal, Grano...",300 g,"$6.99
 ea.",,$2.33 /100g,,,,https://www.metro.ca/en/online-grocery/search-page-322
NAGANO,Neapolitan Style Pork Osso Buco,600 g,"2 / 
$28.48",,or $18.99 ea. $2.37 /100g,"Regular price
$19.99  ea.","Valid until Jan 10, 2024",https://product-images.metro.ca/images/h8f/hf5/11449744752670.jpg,https://www.metro.ca/en/online-grocery/search-page-322
NAGANO,Pork Shank With Red Wine Sauce,600 g,"2 / 
$28.48",,or $18.99 ea. $2.37 /100g,"Regular price
$19.99  ea.","Valid until Jan 10, 2024",https://product-images.metro.ca/images/h16/he6/11432910618654.jpg,https://www.metro.ca/en/online-grocery/search-page-322
CAFÉ WILLIAM,Organic Dark Corposo Coffee Beans,650 g,"$23.49
 ea.",,$3.61 /100g,,,https://product-images.metro.ca/images/h8f/h08/11919026815006.jpg,https://www.metro.ca/en/online-grocery/search-page-322
GLACÉAU,"Alkaline Water With Antioxidant, Smartwater",1 l,"2 / 
$6.00",,$0.30 /100ml,"Regular price
$3.69  ea.","Valid until Feb 7, 2024",,https://www.metro.ca/en/online-grocery/search-page-322
PEPSI,"Zero Sugar Soft Drinks, DrPepper",12x355 mL,"$6.98
 ea.",,$1.97 /100ml,"Regular price
$7.99  ea.","Valid until Jan 10, 2024",,https://www.metro.ca/en/online-grocery/search-page-322
PRIME,Ice Pop Flavoured Energy Drink,355 mL,"$4.99
 ea.",,$1.41 /100ml,,,https://product-images.metro.ca/images/h37/h5c/11883588059166.jpg,https://www.metro.ca/en/online-grocery/search-page-322
CHRISTIE,Honey Flavoured Pokemon™ Cookies,150 g,"$3.99
 ea.",,$2.66 /100g,,,https://product-images.metro.ca/images/h1b/h24/12175540813854.jpg,https://www.metro.ca/en/online-grocery/search-page-322
PREMIÈRE MOISSON,Le Mans Style Rillettes,125 g,"$5.99
 ea.",,$4.79 /100g,,,https://product-images.metro.ca/images/h13/h0f/11449745440798.jpg,https://www.metro.ca/en/online-grocery/search-page-322
CHRISTIE,Cocoa Flavoured Pokemon™ Cookies,150 g,"$3.99
 ea.",,$2.66 /100g,,,https://product-images.metro.ca/images/ha3/h11/11320145018910.jpg,https://www.metro.ca/en/online-grocery/search-page-322
TOPO CHICO,"Alcoholic Malt Beverage Variety Pack, Hard Seltzer",12x355 mL,"$26.99
 ea.",,$0.63 /100ml,,,,https://www.metro.ca/en/online-grocery/search-page-322
SHEBA,"Whitefish & Tuna Cat Food, Perfect Portions",75 g,"$1.49
 ea.",,$1.99 /100g,"Regular price
$1.79  ea.","Valid until Jan 10, 2024",,https://www.metro.ca/en/online-grocery/search-page-322
LIFE SMART,"Strawberry Spread, Naturalia",250 mL,"$4.69
 ea.",,$1.88 /100ml,,,,https://www.metro.ca/en/online-grocery/search-page-322
BLEU MER,Spinach And Parmesan Stuffed Salmon,185 g,"$9.99
 ea.",,$5.40 /100g,"Regular price
$11.99  ea.","Valid until Jan 10, 2024",https://product-images.metro.ca/images/h48/hb7/11430834143262.jpg,https://www.metro.ca/en/online-grocery/search-page-322
PEPSI,"Strawberry Flavoured Iced Tea, Brisk",710 mL,"$1.29
 ea.",,$0.18 /100ml,,,,https://www.metro.ca/en/online-grocery/search-page-322
CRACKER BARREL,Smoked Cheddar Cheese Snacks,168 g,"$6.99
 ea.",,$4.16 /100g,,,https://product-images.metro.ca/images/he0/h35/11375836954654.jpg,https://www.metro.ca/en/online-grocery/search-page-322
RAO'S,Pizza Sauce,338 mL,"$8.29
 ea.",,$2.45 /100ml,,,https://product-images.metro.ca/images/haa/h2f/12258188034078.jpg,https://www.metro.ca/en/online-grocery/search-page-322
BORÉALE,"Beer Assortment, Artisan Pack",12x355 mL,"$22.99
 ea.",,$0.54 /100ml,,,,https://www.metro.ca/en/online-grocery/search-page-322
FONTAINE FAMILY,Veal Osso Buco,,"$14.98
 avg. ea.",(400 g avg.),$37.46 /kg$16.99 /lb.,,,https://product-images.metro.ca/images/h3e/hcd/11514410041374.jpg,https://www.metro.ca/en/online-grocery/search-page-322
TIDE,Active Fresh Scented HE Compatible Laundry Detergent...,48 un,"$29.49
 ea.",,$1.27 /100kg,,,,https://www.metro.ca/en/online-grocery/search-page-322
VIZZY,Passion Fruit And Papaya Flavoured Alcoholic Malt Be...,473 mL,"2 / 
$7.00",,or $4.49 ea. $0.74 /100ml,,"Valid until Feb 7, 2024",,https://www.metro.ca/en/online-grocery/search-page-322
IRRESISTIBLES,Cheesecake Flavoured Non-Dairy Frozen Dessert With B...,500 mL,"$6.49
 ea.",,$1.30 /100ml,"Regular price
$6.99  ea.","Valid until Feb 14, 2024",,https://www.metro.ca/en/online-grocery/search-page-322
CANADA DRY,Peach And Mango Flavoured Club Soda,12x355 mL,"$6.98
 ea.",,$1.97 /100ml,"Regular price
$7.99  ea.","Valid until Jan 10, 2024",https://product-images.metro.ca/images/h57/h00/11635752665118.jpg,https://www.metro.ca/en/online-grocery/search-page-322
MONSIEUR COCKTAIL,"Non Alcoholic Espresso Martini Cocktail, Noa",4x250 mL,"$13.99
 ea.",,$1.40 /100ml,,,,https://www.metro.ca/en/online-grocery/search-page-322
VAN HOUTTE,Organic Espresso Dolce Crema Ground Coffee,300 g,"$9.99
 ea.",,$3.33 /100g,"Regular price
$10.99  ea.","Valid until Feb 7, 2024",https://product-images.metro.ca/images/haa/h13/11430612992030.jpg,https://www.metro.ca/en/online-grocery/search-page-322
LYSOL,"Ocean Breeze Scented 2in1 Aerosol Disinfectant, Neut...",283 g,"$5.99
 ea.",,$2.12 /100g,,,,https://www.metro.ca/en/online-grocery/search-page-323
,Risotto Stuffed Chicken Alouette,,"$7.71
 avg. ea.",(350 g avg.),$22.02 /kg$9.99 /lb.,"Regular price
$24.23  avg. kg","Valid until Jan 10, 2024",https://www.metro.ca/images/shared/placeholders/icon-no-picture.svg?v=2023.71.1.d1,https://www.metro.ca/en/online-grocery/search-page-323
LYSOL,"Lavender & Lily Scented 2in1 Aerosol Disinfectant, N...",283 g,"$5.99
 ea.",,$2.12 /100g,,,,https://www.metro.ca/en/online-grocery/search-page-323
OASIS,"Lactose Free Tropical Mango Juice, Smoothie",1.6 L,"$3.99
 ea.",,$0.25 /100ml,"Regular price
$5.49  ea.","Valid until Jan 10, 2024",,https://www.metro.ca/en/online-grocery/search-page-323
,Tex-Mex Orecchiette Salad,,"$5.70
 avg. ea.",(220 g avg.),$25.90 /kg$11.75 /lb.,,,https://product-images.metro.ca/images/hfc/h77/12171883741214.jpg,https://www.metro.ca/en/online-grocery/search-page-323
,Marinated Eggplant Fusilli Salad With Curry Vinaigrette,,"$4.82
 avg. ea.",(220 g avg.),$21.90 /kg$9.93 /lb.,,,https://product-images.metro.ca/images/hd6/h01/12171865489438.jpg,https://www.metro.ca/en/online-grocery/search-page-323
PERSONNELLE,Colour Protection Solution Shampoo,355 mL,"$2.99
 ea.",,$0.84 /100ml,"Regular price
$4.99  ea.","Valid until Feb 7, 2024",https://product-images.metro.ca/images/h86/h63/11022501019678.jpg,https://www.metro.ca/en/online-grocery/search-page-323
MCCAIN,Frozen Egg And Cheese Breakfast Pockets,600 g,"$7.79
 ea.",,$1.30 /100g,"Regular price
$9.79  ea.","Valid until Feb 14, 2024",https://product-images.metro.ca/images/hfd/h86/12227469738014.jpg,https://www.metro.ca/en/online-grocery/search-page-323
CHOCOLATS FAVORIS,"Dulce De Leche Crispy Rice Bar, Crousti",150 g,"$5.99
 ea.",,$3.99 /100g,,,,https://www.metro.ca/en/online-grocery/search-page-323
PRANA,Organic And Gluten Free Oatmeal Cookie Crunch Cereal...,300 g,"$6.99
 ea.",,$2.33 /100g,,,,https://www.metro.ca/en/online-grocery/search-page-323
METROGO!,"Pollock And Vegetables Salad, Value Pack",,"$7.92
 avg. ea.",(450 g avg.),$17.61 /kg$7.99 /lb.,"Regular price
$19.82  avg. kg","Valid until Jan 10, 2024",,https://www.metro.ca/en/online-grocery/search-page-323
TIDE,"Daybreak Fresh Scented Liquid Laundry Detergent, Sim...",1.09 L,"$4.99
 ea.",,$0.46 /100ml,"Regular price
$5.99  ea.","Valid until Feb 7, 2024",,https://www.metro.ca/en/online-grocery/search-page-323
ODEVI,Lychee Martini Flavoured Ready-To-Infuse Cocktail Re...,1 un,"$6.99
 ea.",,$6.99 /un.,,,,https://www.metro.ca/en/online-grocery/search-page-323
DORITOS,All Dressed Tangy Tortilla Chips,210 g,"2 / 
$8.50",,or $4.99 ea. $2.02 /100g,,"Valid until Jan 24, 2024",https://product-images.metro.ca/images/h54/h08/12245661057054.jpg,https://www.metro.ca/en/online-grocery/search-page-323
ODEVI,Blueberry Gimlet Flavoured Ready-To-Infuse Cocktail,1 un,"$9.99
 ea.",,$9.99 /un.,,,https://product-images.metro.ca/images/ha0/hce/10535715110942.jpg,https://www.metro.ca/en/online-grocery/search-page-323
ODEVI,Margarita Grapefruit Flavoured Ready-To-Infuse Cocktail,1 un,"$9.99
 ea.",,$9.99 /un.,,,https://product-images.metro.ca/images/h41/hf0/10535768719390.jpg,https://www.metro.ca/en/online-grocery/search-page-323
ODEVI,Cosmopolitain Flavoured Ready-To-Infuse Cocktail,1 un,"$9.99
 ea.",,$9.99 /un.,,,https://product-images.metro.ca/images/hce/h1c/10535726972958.jpg,https://www.metro.ca/en/online-grocery/search-page-323
UNIBROUE,"Beer Assortment, Autre Chose Serie",12x355 mL,"$23.99
 ea.",,$0.56 /100ml,,,,https://www.metro.ca/en/online-grocery/search-page-323
MIKES,Deluxe Oven-Rise Crust Pizza,845 g,"$11.99
 ea.",,$1.42 /100g,,,https://product-images.metro.ca/images/heb/h9b/12191998541854.jpg,https://www.metro.ca/en/online-grocery/search-page-323
NICOLAS LALOUX,"Lemonade Flavoured Rosé Wine Beverage, Spritzer",4x355 mL,"$13.99
 ea.",,$0.99 /100ml,,,,https://www.metro.ca/en/online-grocery/search-page-323
MONTELLIER,Clementine Flavoured Carbonated Spring Water,1 L,"$1.49
 ea.",,$0.15 /100ml,,,https://product-images.metro.ca/images/h61/hf3/11541304705054.jpg,https://www.metro.ca/en/online-grocery/search-page-323
BIRRA MORETTI,Italian Lager Beer,12x330 mL,"$23.99
 ea.",,$0.61 /100ml,"Regular price
$25.99  ea.","Valid until Jan 10, 2024",https://product-images.metro.ca/images/h37/hbf/11497609494558.jpg,https://www.metro.ca/en/online-grocery/search-page-323
METROGO!,"Bacon-Wraped Salmon Tournedos, Value Pack",,"$17.85
 avg. ea.",(450 g avg.),$39.66 /kg$17.99 /lb.,,,,https://www.metro.ca/en/online-grocery/search-page-323
LA PARISIENNE,Inspira Scented Liquid Fabric Softener,1.49 L - 55 loads,"$5.49
 ea.",,$0.37 /100ml,,,https://product-images.metro.ca/images/he9/hbd/10496325058590.jpg,https://www.metro.ca/en/online-grocery/search-page-323
BARISTA,Dark Roast Coffee Capsules,30 un,"$22.99
 ea.",,$0.77 /un.,,,https://product-images.metro.ca/images/hfd/h92/12175656386590.jpg,https://www.metro.ca/en/online-grocery/search-page-323
MIKES,Garlic And Cheese Oven-Rise Crust Pizza,720 g,"$11.99
 ea.",,$1.67 /100g,,,https://product-images.metro.ca/images/h62/hbc/10715600945182.jpg,https://www.metro.ca/en/online-grocery/search-page-323
MIKES,Italian Sausage Stuffed Crust Frozen Pizza,830 g,"$11.99
 ea.",,$1.44 /100g,,,https://product-images.metro.ca/images/h3b/hca/10715588198430.jpg,https://www.metro.ca/en/online-grocery/search-page-323
BALDERSON,Extra Old White Cheddar Cheese,170 g,"$8.00
 ea.",,$4.71 /100g,"Regular price
$9.29  ea.","Valid until Jan 10, 2024",https://product-images.metro.ca/images/h48/h99/11064243945502.jpg,https://www.metro.ca/en/online-grocery/search-page-323
BALDERSON,Aged 2 Year Cheddar Cheese,170 g,"$8.00
 ea.",,$4.71 /100g,"Regular price
$9.99  ea.","Valid until Jan 10, 2024",https://product-images.metro.ca/images/hec/h84/11064242372638.jpg,https://www.metro.ca/en/online-grocery/search-page-323
GIOVANNI RANA,Italian Sausage Stuffed Ravioli,300 g,"$6.99
 ea.",,$2.33 /100g,,,https://product-images.metro.ca/images/h44/h70/11432875589662.jpg,https://www.metro.ca/en/online-grocery/search-page-323
LA FOURMI BIONIQUE,Organic Divine Granola Cereal,283 g,"$3.77
 ea.",,$1.33 /100g,"Regular price
$5.49  ea.","Valid until Jan 10, 2024",https://product-images.metro.ca/images/h9c/h6d/10508158042142.jpg,https://www.metro.ca/en/online-grocery/search-page-324
,"Beef Brochette Cubes, Value Pack",16 per tray,"$19.82
 avg. ea.",(900 g avg.),$22.02 /kg$9.99 /lb.,"Regular price
$24.23  avg. kg","Valid until Jan 10, 2024",https://product-images.metro.ca/images/hd3/h33/10724287250462.jpg,https://www.metro.ca/en/online-grocery/search-page-324
AIR WICK,"Papaya And Vanilla Scented Oil Air Freshener Refill,...",20 mL,"$7.49
 ea.",,$7.49 /un.,,,,https://www.metro.ca/en/online-grocery/search-page-324
PEPSI,"Cream Soda, DrPepper",12x355 mL,"$6.98
 ea.",,$1.97 /100ml,"Regular price
$7.99  ea.","Valid until Jan 10, 2024",,https://www.metro.ca/en/online-grocery/search-page-324
CASHMERE,"2-Ply Bathroom Tissues, UltraLuxe",6 un,"$9.49
 ea.",,$1.58 /un.,,,,https://www.metro.ca/en/online-grocery/search-page-324
UNIBROUE,"Belgian-Style Saison Beer, Saison Libre",12x355 mL,"$22.99
 ea.",,$0.54 /100ml,,,,https://www.metro.ca/en/online-grocery/search-page-324
NATUR-A,Gluten And Sugar Free Oat Drink,946 mL,"$3.49
 ea.",,$0.37 /100ml,,,https://product-images.metro.ca/images/hf2/hf5/11817089237022.jpg,https://www.metro.ca/en/online-grocery/search-page-324
NATUR-A,Gluten Free Unsweetened Fortified Vanilla Oat Beverage,946 mL,"$3.49
 ea.",,$0.37 /100ml,,,https://product-images.metro.ca/images/hd4/hf6/11817091104798.jpg,https://www.metro.ca/en/online-grocery/search-page-324
NATUR-A,Gluten Free Fortified Chocolate Oat Beverage,946 mL,"$3.49
 ea.",,$0.37 /100ml,,,https://product-images.metro.ca/images/hc6/h82/10499559391262.jpg,https://www.metro.ca/en/online-grocery/search-page-324
ST-HUBERT,Macaroni Salad,454 g,"$4.79
 ea.",,$1.06 /100g,"Regular price
$4.99  ea.","Valid until Jan 17, 2024",https://product-images.metro.ca/images/h83/h36/11333087428638.jpg,https://www.metro.ca/en/online-grocery/search-page-324
O SOLE MIO,Alfredo Sauce,500 ml,"$7.99
 ea.",,$1.60 /100ml,"Regular price
$8.49  ea.","Valid until Jan 10, 2024",https://product-images.metro.ca/images/h69/hc7/10946657714206.jpg,https://www.metro.ca/en/online-grocery/search-page-324
MIKES,Pepperoni Oven-Rise Crust Pizza,805 g,"$11.99
 ea.",,$1.49 /100g,,,https://product-images.metro.ca/images/ha7/h2a/10715602780190.jpg,https://www.metro.ca/en/online-grocery/search-page-324
MIKES,Stuffed Crust BBQ Chicken Pizza,777 g,"$11.99
 ea.",,$1.54 /100g,,,https://product-images.metro.ca/images/hec/h89/10715599896606.jpg,https://www.metro.ca/en/online-grocery/search-page-324
SELECTION,Summer Blend Juice Boxes,8x200 mL,"2 / 
$6.50",,$0.20 /100ml,"Regular price
$3.69  ea.","Valid until Jan 24, 2024",https://product-images.metro.ca/images/h64/hb3/10319539568670.jpg,https://www.metro.ca/en/online-grocery/search-page-324
,Bag Of Brussel Sprouts,454 g,"$4.99
 ea.",,$1.10 /100g,"Regular price
$5.99  ea.","Valid until Jan 10, 2024",https://product-images.metro.ca/images/h95/hf4/11493000544286.jpg,https://www.metro.ca/en/online-grocery/search-page-324
VIZZY,"Alcoholic Malt Beverage Variety Pack, Signature",12x355 mL,"$25.99
 ea.",,$7.32 /100ml,,,,https://www.metro.ca/en/online-grocery/search-page-324
POM WONDERFUL,Pomegranate Arils,113 g,"$5.99
 ea.",,$5.30 /100g,,,https://product-images.metro.ca/images/h45/h8c/12272848863262.jpg,https://www.metro.ca/en/online-grocery/search-page-324
SELECTION,Honey Nut Flavoured Oat Cereal,685 g,"$4.99
 ea.",,$0.73 /100g,"Regular price
$6.49  ea.","Valid until Feb 7, 2024",https://product-images.metro.ca/images/he9/hca/11754329571358.jpg,https://www.metro.ca/en/online-grocery/search-page-324
MONSIEUR COCKTAIL,"Gin Tonic Non-Alcoholic Cocktail, Noa",4x250 mL,"$13.99
 ea.",,$1.40 /100ml,,,,https://www.metro.ca/en/online-grocery/search-page-324
L'EXTRA,Double Cream Brie Cheese,1 piece,"$14.76
 avg. ea.",(400 g avg.),$36.90 /kg$16.74 /lb.,,,https://product-images.metro.ca/images/h40/h40/11644696559646.jpg,https://www.metro.ca/en/online-grocery/search-page-324
JAVA MONSTER,French Vanilla Flavoured Energy Drink,444 mL,"2 / 
$5.50",,$0.62 /100ml,"Regular price
$3.99  ea.","Valid until Jan 24, 2024",https://www.metro.ca/images/shared/placeholders/icon-no-picture.svg?v=2023.71.1.d1,https://www.metro.ca/en/online-grocery/search-page-324
,Risotto Stuffed Boneless Chicken Breast,2 per tray,"$6.61
 avg. ea.",(300 g avg.),$22.02 /kg$9.99 /lb.,"Regular price
$24.23  avg. kg","Valid until Jan 10, 2024",https://product-images.metro.ca/images/ha5/hfa/12146428936222.jpg,https://www.metro.ca/en/online-grocery/search-page-324
AIR WICK,"Palm Breeze Scented Oil Freshener Refill, Fresh New Day",2x20 mL,"$11.49
 ea.",,$11.49 /un.,"Regular price
$12.99  ea.","Valid until Feb 7, 2024",,https://www.metro.ca/en/online-grocery/search-page-324
SELECTION,Red Skin Potato Salad,454 g,"$2.99
 ea.",,$0.66 /100g,"Regular price
$3.49  ea.","Valid until Jan 10, 2024",https://product-images.metro.ca/images/h41/h7b/12175666348062.jpg,https://www.metro.ca/en/online-grocery/search-page-324
ALWAYS,"Extra Long Pads Super Absorbency, Size 3, Ultra Thin",17 un,"$5.99
 ea.",,$0.35 /un.,,,,https://www.metro.ca/en/online-grocery/search-page-324
KRAFT,Shredded Parmesan,200 g,"$7.99
 ea.",,$4.00 /100g,"Regular price
$10.49  ea.","Valid until Feb 14, 2024",https://product-images.metro.ca/images/h20/h8b/12175626895390.jpg,https://www.metro.ca/en/online-grocery/search-page-324
GODIVA,Chocolate Hazelnut Mousse Cake,85 g,"4 / 
$14.00",,or $4.99 ea. $4.12 /100g,,"Valid until Jan 17, 2024",https://product-images.metro.ca/images/hca/h74/12272316350494.jpg,https://www.metro.ca/en/online-grocery/search-page-324
MCCAIN,"Frozen Egg, Cheese And Bacon Breakfast Pockets",600 g,"$7.79
 ea.",,$1.30 /100g,"Regular price
$9.79  ea.","Valid until Feb 14, 2024",https://product-images.metro.ca/images/h8e/h73/12227472326686.jpg,https://www.metro.ca/en/online-grocery/search-page-324
,Frozen Scallop Medallion,1 un,"$1.49
 ea.",,$1.49 /un.,"Regular price
$1.79  ea.","Valid until Jan 10, 2024",https://www.metro.ca/images/shared/placeholders/icon-no-picture.svg?v=2023.71.1.d1,https://www.metro.ca/en/online-grocery/search-page-324
SELECTION,Bite Size Frosted Wheat Cereals,510 g,"$4.99
 ea.",,$0.98 /100g,,,https://product-images.metro.ca/images/hd4/hcc/10433222049822.jpg,https://www.metro.ca/en/online-grocery/search-page-324
COORS SELTZER,Blue Raspberry Flavoured Alcoholic Malt Beverage,473 mL,"2 / 
$7.00",,or $3.99 ea. $0.74 /100ml,,"Valid until Feb 7, 2024",https://product-images.metro.ca/images/h03/h83/11497583443998.jpg,https://www.metro.ca/en/online-grocery/search-page-325
ALWAYS,"Thin Liners, Regular Absorbency Panty Liners, No Fee...",72 un,"$5.99
 ea.",,$0.08 /un.,,,,https://www.metro.ca/en/online-grocery/search-page-325
FERRERO,"Hazelnut Flavoured White Chocolate Bar, Rocher",90 g,"$3.49
 ea.",,$3.88 /100g,"Regular price
$3.99  ea.","Valid until Jan 24, 2024",,https://www.metro.ca/en/online-grocery/search-page-325
POM,XL Flour Tortillas,600 g,"$5.79
 ea.",,$0.97 /100g,,,https://product-images.metro.ca/images/h49/h52/11412682407966.jpg,https://www.metro.ca/en/online-grocery/search-page-325
BON MATIN,"Flour Tortillas, Keto",246 g,"$7.29
 ea.",,$2.96 /100g,,,,https://www.metro.ca/en/online-grocery/search-page-325
PLATINUM,"AAA Platinum Angus Beef Top Sirloin Steaks, Value Pack",3 per tray,"$21.48
 avg. ea.",(750 g avg.),$28.64 /kg$12.99 /lb.,"Regular price
$37.46  avg. kg","Valid until Jan 10, 2024",,https://www.metro.ca/en/online-grocery/search-page-325
PREMIÈRE MOISSON,Cranberry Loaf,575 g,"$6.99
 ea.",,$1.22 /100g,,,https://product-images.metro.ca/images/h2f/h12/11541277966366.jpg,https://www.metro.ca/en/online-grocery/search-page-325
TIDE,"Refreshing Breeze Scented Liquid Laundry Detergent, ...",1.09 L,"$4.99
 ea.",,$0.46 /100ml,"Regular price
$5.99  ea.","Valid until Feb 7, 2024",,https://www.metro.ca/en/online-grocery/search-page-325
METROGO!,Pollock And Shrimp Salad,,"$7.92
 avg. ea.",(450 g avg.),$17.61 /kg$7.99 /lb.,"Regular price
$19.82  avg. kg","Valid until Jan 10, 2024",https://www.metro.ca/images/shared/placeholders/icon-no-picture.svg?v=2023.71.1.d1,https://www.metro.ca/en/online-grocery/search-page-325
ODEVI,Cosmopolitain Flavoured Ready-To-Infuse Cocktail Refill,1 un,"$6.99
 ea.",,$6.99 /un.,,,https://product-images.metro.ca/images/h28/hab/10535764983838.jpg,https://www.metro.ca/en/online-grocery/search-page-325
ODEVI,Blueberry Gimlet Flavoured Ready-To-Infuse Cocktail ...,1 un,"$6.99
 ea.",,$6.99 /un.,,,,https://www.metro.ca/en/online-grocery/search-page-325
ODEVI,Strawberry Daiquiri Flavoured Ready-To-Infuse Cockta...,1 un,"$6.99
 ea.",,$6.99 /un.,,,,https://www.metro.ca/en/online-grocery/search-page-325
ODEVI,Lychee Martini Flavoured Ready-To-Infuse Cocktail,1 un,"$9.99
 ea.",,$9.99 /un.,,,https://product-images.metro.ca/images/h23/he5/10535712817182.jpg,https://www.metro.ca/en/online-grocery/search-page-325
IRRESISTIBLES,Whiskey Maple Pork Back Ribs,680 g,"$15.99
 ea.",,$2.35 /100g,,,https://product-images.metro.ca/images/he3/he3/11505660559390.jpg,https://www.metro.ca/en/online-grocery/search-page-325
RED BULL,"Energy Drinks, Dragon Fruit",4x250 mL,"$8.99
 ea.",,$3.60 /100ml,"Regular price
$11.49  ea.","Valid until Jan 24, 2024",https://product-images.metro.ca/images/hb6/h6f/10541958266910.jpg,https://www.metro.ca/en/online-grocery/search-page-325
IRRESISTIBLES,Barbecue Pork Back Ribs,680 g,"$15.99
 ea.",,$2.35 /100g,,,https://product-images.metro.ca/images/h6e/hd0/11505660592158.jpg,https://www.metro.ca/en/online-grocery/search-page-325
CUISINE SOLEIL,Organic Tapioca Starch,1 kg,"$9.99
 ea.",,$1.00 /100kg,,,https://product-images.metro.ca/images/haa/hfd/11467606458398.jpg,https://www.metro.ca/en/online-grocery/search-page-325
NESCAFÉ,"Salted Caramel Iced Latte Flavoured Instant Coffee, ...",7 un,"$3.64
 ea.",,$0.52 /un.,"Regular price
$7.29  ea.","Valid until Jun 20, 2024",,https://www.metro.ca/en/online-grocery/search-page-325
BARISTA,Medium Roast Ground Coffee,900 g,"$22.99
 ea.",,$2.55 /100g,,,https://product-images.metro.ca/images/h5c/h28/11467530895390.jpg,https://www.metro.ca/en/online-grocery/search-page-325
BARISTA,Dark Roast Ground Coffee,875 g,"$22.99
 ea.",,$2.63 /100g,,,https://product-images.metro.ca/images/hd5/h6f/11467662688286.jpg,https://www.metro.ca/en/online-grocery/search-page-325
BARISTA,Medium Roast Coffee Capsules,30 un,"$22.99
 ea.",,$0.77 /un.,,,https://product-images.metro.ca/images/h11/h79/12175652945950.jpg,https://www.metro.ca/en/online-grocery/search-page-325
ALLEN'S,Lemonade,1 L,"$1.99
 ea.",,$0.20 /100ml,"Regular price
$2.29  ea.","Valid until Jan 17, 2024",https://product-images.metro.ca/images/ha0/hca/12175209594910.jpg,https://www.metro.ca/en/online-grocery/search-page-325
METROGO!,Garlic Butter And Chive Salmon Fillet,,"$13.88
 avg. ea.",(300 g avg.),$46.27 /kg$20.99 /lb.,,,https://product-images.metro.ca/images/hd3/h64/11522323546142.jpg,https://www.metro.ca/en/online-grocery/search-page-325
METROGO!,Bacon-Wrapped Salmon Tournedos,,"$13.88
 avg. ea.",(300 g avg.),$46.27 /kg$20.99 /lb.,,,https://product-images.metro.ca/images/h22/h94/11627628429342.jpg,https://www.metro.ca/en/online-grocery/search-page-325
MERIT,Chocolate Duo Tart,320 g,"$12.99
 ea.",,$4.06 /100g,,,https://www.metro.ca/images/shared/placeholders/icon-no-picture.svg?v=2023.71.1.d1,https://www.metro.ca/en/online-grocery/search-page-325
SAN PELLEGRINO,Blood Orange And Black Raspberry Flavoured Sparkling...,8x330 mL,"$9.99
 ea.",,$3.03 /100ml,,,,https://www.metro.ca/en/online-grocery/search-page-325
EARTH'S OWN,"Oat Half & Half Coffee Creamer, Coffee Edition",473 mL,"$4.79
 ea.",,$1.01 /100ml,,,,https://www.metro.ca/en/online-grocery/search-page-325
SELECTION,Lactose-Free Cream Cheese,250 g,"$3.49
 ea.",,$1.40 /100g,"Regular price
$3.99  ea.","Valid until Feb 14, 2024",https://product-images.metro.ca/images/h57/h82/10073913884702.jpg,https://www.metro.ca/en/online-grocery/search-page-325
DARE,"Chocolate Sandwich Cookies, Bear Paws",336 g,"$4.49
 ea.",,$1.34 /100g,"Regular price
$7.29  ea.","Valid until Jan 10, 2024",,https://www.metro.ca/en/online-grocery/search-page-325
COLGATE,"Sparkling White® Toothpaste, Optic White",73 mL,"$6.99
 ea.",,$9.58 /100ml,,,,https://www.metro.ca/en/online-grocery/search-page-325
IRRESISTIBLES,Very Dark Maple Syrup,946 mL,"$17.49
 ea.",,$1.85 /100ml,,,https://product-images.metro.ca/images/h25/h03/11541196800030.jpg,https://www.metro.ca/en/online-grocery/search-page-326
FROMAGERIE DU PRESBYTÈRE,Louis D'Or Raw Cow Milk Cheese,150 g,"$10.99
 ea.",,$7.33 /100g,"Regular price
$12.29  ea.","Valid until Jan 17, 2024",https://product-images.metro.ca/images/h8f/h6d/11477970092062.jpg,https://www.metro.ca/en/online-grocery/search-page-326
SOBER CARPENTER,Non-Alcoholic White Beer,473 mL - can,"2 / 
$5.50",,$0.58 /100ml,"Regular price
$3.49  ea.","Valid until Feb 7, 2024",https://product-images.metro.ca/images/h6b/h55/10896722329630.jpg,https://www.metro.ca/en/online-grocery/search-page-326
SOBER CARPENTER,Non-Alcoholic IPA Beer,473 mL - can,"2 / 
$5.50",,$0.58 /100ml,"Regular price
$3.49  ea.","Valid until Feb 7, 2024",https://product-images.metro.ca/images/h07/h4c/9502848909342.jpg,https://www.metro.ca/en/online-grocery/search-page-326
MONSTER,Ultra Rosá Energy Drink,473 mL,"2 / 
$5.50",,$0.58 /100ml,"Regular price
$3.99  ea.","Valid until Jan 24, 2024",https://product-images.metro.ca/images/hd3/h87/11493162713118.jpg,https://www.metro.ca/en/online-grocery/search-page-326
NATURE VALLEY,"Pecan Crunchy Granola Bars, Crunchy",210 g,"2 / 
$6.00",,or $3.99 ea. $1.43 /100g,,"Valid until Feb 7, 2024",,https://www.metro.ca/en/online-grocery/search-page-326
SELECTION,15% Cooking Cream,473 mL,"$2.99
 ea.",,$0.63 /100ml,"Regular price
$4.19  ea.","Valid until Jan 10, 2024",https://product-images.metro.ca/images/heb/h8f/9537095172126.jpg,https://www.metro.ca/en/online-grocery/search-page-326
STELLA ARTOIS,Belgian Blonde Lager Beer,12x355 mL - cans,"$23.99
 ea.",,$0.56 /100ml,"Regular price
$25.99  ea.","Valid until Jan 10, 2024",https://product-images.metro.ca/images/h2e/h30/9640283996190.jpg,https://www.metro.ca/en/online-grocery/search-page-326
NESCAFÉ,"Decaffeinated Espresso Instant Coffee, Gold",90 g,"$8.99
 ea.",,$9.99 /100g,,,,https://www.metro.ca/en/online-grocery/search-page-326
NATURE VALLEY,Peanut Butter Crispy Wafer Bars,184 g,"$3.99
 ea.",,$2.17 /100g,"Regular price
$5.49  ea.","Valid until Jan 10, 2024",https://product-images.metro.ca/images/hdf/h8b/9836587417630.jpg,https://www.metro.ca/en/online-grocery/search-page-326
PAT BBQ,Mild Barbecue Spices,175 g,"$7.99
 ea.",,$4.57 /100g,"Regular price
$8.99  ea.","Valid until Feb 7, 2024",https://product-images.metro.ca/images/h3f/h8c/9503667945502.jpg,https://www.metro.ca/en/online-grocery/search-page-326
NATURE VALLEY,Peanut Butter And Chocolate Crispy Wafer Bars,184 g,"$3.99
 ea.",,$2.17 /100g,"Regular price
$5.49  ea.","Valid until Jan 10, 2024",https://product-images.metro.ca/images/haf/h18/9836583026718.jpg,https://www.metro.ca/en/online-grocery/search-page-326
PEDIGREE,Beef And Vegetable Flavoured Dog Food,,"$14.99
 ea.",,$0.54 /100g,"Regular price
$16.49  ea.","Valid until Jan 10, 2024",https://product-images.metro.ca/images/ha7/h16/10161389371422.jpg,https://www.metro.ca/en/online-grocery/search-page-326
MATEINA,Peach Passion Flavoured Organic Yerba Mate Energy Drink,355 mL,"$3.69
 ea.",,$1.04 /100ml,,,https://product-images.metro.ca/images/h34/h83/10531766370334.jpg,https://www.metro.ca/en/online-grocery/search-page-326
MATEINA,Lemon Flavoured Organic Yerba Mate Energy Drink,355 mL,"$3.69
 ea.",,$1.04 /100ml,,,https://product-images.metro.ca/images/h10/h09/10531765846046.jpg,https://www.metro.ca/en/online-grocery/search-page-326
CHEETOS,"Maple Leaf Shaped Puffs Snacks, Ketchup",170 g,"2 / 
$8.50",,or $4.99 ea. $2.50 /100g,,"Valid until Jan 24, 2024",,https://www.metro.ca/en/online-grocery/search-page-326
SOBER CARPENTER,Non-Alcoholic Irish Style Red Beer,473 mL - can,"2 / 
$5.50",,$0.58 /100ml,"Regular price
$3.49  ea.","Valid until Feb 7, 2024",https://product-images.metro.ca/images/hdd/h0f/9520529866782.jpg,https://www.metro.ca/en/online-grocery/search-page-326
P'TIT QUÉBEC,Mozzarella Cheese Snacks,168 g,"$6.99
 ea.",,$4.16 /100g,,,https://product-images.metro.ca/images/h61/h41/9963374772254.jpg,https://www.metro.ca/en/online-grocery/search-page-326
BOURSIN,Fig And Balsamic Fresh Cheese,150 g,"$8.00
 ea.",,$5.33 /100g,,,https://product-images.metro.ca/images/h0a/h13/11849495412766.jpg,https://www.metro.ca/en/online-grocery/search-page-326
LIBERTÉ,"2% Plain Yogurt, Greek",1 kg,"$9.39
 ea.",,$0.94 /100g,,,,https://www.metro.ca/en/online-grocery/search-page-326
LIBERTÉ,"0% Plain Yogurt, Greek",1 kg,"$9.39
 ea.",,$0.94 /100g,,,,https://www.metro.ca/en/online-grocery/search-page-326
LIBERTÉ,"2% Cherry Flavoured Yogurt, Greek",750 g,"$5.97
 ea.",,$0.80 /100g,"Regular price
$8.29  ea.","Valid until Jan 10, 2024",,https://www.metro.ca/en/online-grocery/search-page-326
QUAKER,"Maple Syrup Coated Granola Clusters Cereal, Harvest ...",475 g,"$3.24
 ea.",,$0.68 /100g,"Regular price
$6.49  ea.","Valid until Jun 20, 2024",,https://www.metro.ca/en/online-grocery/search-page-326
LOTO-QUÉBEC,Le 7 Chanceux,1 un,"$1.00
 ea.",,$1.00 /un.,,,https://product-images.metro.ca/images/h83/h69/10881069285406.jpg,https://www.metro.ca/en/online-grocery/search-page-326
LOTO-QUÉBEC,Mots Cachés,1 un,"$2.00
 ea.",,$2.00 /un.,,,https://product-images.metro.ca/images/h58/h48/12354458845214.jpg,https://www.metro.ca/en/online-grocery/search-page-326
LOTO-QUÉBEC,Scrabble,1 un,"$3.00
 ea.",,$3.00 /un.,,,https://product-images.metro.ca/images/ha2/h5d/10477232816158.jpg,https://www.metro.ca/en/online-grocery/search-page-326
ARCHIBALD,"West Coast IPA Beer, La Belle Mer",12x355 mL - cans,"$23.99
 ea.",,$6.76 /100ml,,,,https://www.metro.ca/en/online-grocery/search-page-326
WALLAROO TRAIL,Australian White Wine,4 L,"$48.49
 ea.",,$1.21 /100ml,,,https://product-images.metro.ca/images/h90/h50/10547171688478.jpg,https://www.metro.ca/en/online-grocery/search-page-326
BÙ,"Organic Italian Red Wine, Rosso",750 mL,"$17.29
 ea.",,$2.31 /100ml,,,,https://www.metro.ca/en/online-grocery/search-page-326
ANCO,St-Paulin Cheese,1 piece,"$14.75
 avg. ea.",(435 g avg.),$33.90 /kg$15.38 /lb.,,,https://product-images.metro.ca/images/hfc/h5a/10008231870494.jpg,https://www.metro.ca/en/online-grocery/search-page-326
LIFE SMART,"Firm Plain Tofu, Naturalia",454 g,"$2.49
 ea.",,$0.55 /100g,"Regular price
$2.99  ea.","Valid until Jan 10, 2024",,https://www.metro.ca/en/online-grocery/search-page-327
LIFE SMART,"Fine Herbs Firm Tofu, Naturalia",454 g,"$2.49
 ea.",,$0.55 /100g,"Regular price
$2.99  ea.","Valid until Jan 10, 2024",,https://www.metro.ca/en/online-grocery/search-page-327
LIFE SMART,"Firm Plain Tofu, Organic",454 g,"$2.99
 ea.",,$0.66 /100g,"Regular price
$3.49  ea.","Valid until Jan 10, 2024",,https://www.metro.ca/en/online-grocery/search-page-327
SLEEMAN,"Beer Assortment, Clear 2.0",12x355 mL,"$21.99
 ea.",,$6.19 /100ml,,,,https://www.metro.ca/en/online-grocery/search-page-327
STEFANO,Cocoa And Hazelnut Spread,375 g,"$7.99
 ea.",,$2.13 /100g,,,https://product-images.metro.ca/images/h12/he7/10455147380766.jpg,https://www.metro.ca/en/online-grocery/search-page-327
AIR WICK,"Simply Cotton Scented Oil Air Freshener, Fresh New Day",1 un,"$8.49
 ea.",,$8.49 /un.,,,,https://www.metro.ca/en/online-grocery/search-page-327
AIR WICK,"Simply Cotton Scented Oil Refills, Fresh New Day",2x20 mL,"$11.49
 ea.",,$11.49 /un.,"Regular price
$12.99  ea.","Valid until Feb 7, 2024",,https://www.metro.ca/en/online-grocery/search-page-327
EXCEL,Spearmint Flavoured Sugar-Free Gum,3x18 un,"$4.29
 ea.",,$0.08 /un.,"Regular price
$4.99  ea.","Valid until Jan 24, 2024",https://product-images.metro.ca/images/h78/h3a/11521759117342.jpg,https://www.metro.ca/en/online-grocery/search-page-327
EXCEL,"Bubblemint Flavoured Sugar-Free Gum, White",3x18 un,"$4.29
 ea.",,$0.08 /un.,"Regular price
$4.99  ea.","Valid until Jan 24, 2024",,https://www.metro.ca/en/online-grocery/search-page-327
EXCEL,Assorted Flavours Sugar-Free Gum,3x18 un,"$4.29
 ea.",,$0.08 /un.,"Regular price
$4.99  ea.","Valid until Jan 24, 2024",https://product-images.metro.ca/images/h94/h51/11521776386078.jpg,https://www.metro.ca/en/online-grocery/search-page-327
EXCEL,Polar Ice® Flavoured Sugar-Free Gum,3x18 un,"$4.29
 ea.",,$0.08 /un.,"Regular price
$4.99  ea.","Valid until Jan 24, 2024",https://product-images.metro.ca/images/had/he2/10530133082142.jpg,https://www.metro.ca/en/online-grocery/search-page-327
EXCEL,Mint Flavoured Sugar-Free Gum,3x18 un,"$4.29
 ea.",,$0.08 /un.,"Regular price
$4.99  ea.","Valid until Jan 24, 2024",https://product-images.metro.ca/images/hd6/h10/10530029797406.jpg,https://www.metro.ca/en/online-grocery/search-page-327
CAFÉ WILLIAM,Grand Italia Espresso Ground Coffee,340 g,"$10.99
 ea.",,$3.23 /100g,"Regular price
$12.49  ea.","Valid until Feb 7, 2024",https://product-images.metro.ca/images/h60/h0e/10518328115230.jpg,https://www.metro.ca/en/online-grocery/search-page-327
STARBUCKS,Almond Oat And Hazelnut Flavoured Lactose Free Coffe...,828 mL,"$9.49
 ea.",,$1.15 /100ml,,,,https://www.metro.ca/en/online-grocery/search-page-327
LIFE SMART,"Frozen Raspberry Sorbet Bars, Organic",4x68 mL,"$5.49
 ea.",,$2.02 /100ml,"Regular price
$6.49  ea.","Valid until Feb 14, 2024",,https://www.metro.ca/en/online-grocery/search-page-327
IRRESISTIBLES,Vanilla And Chocolate Cookies Non-Dairy Ice Cream Sa...,4x100 mL,"$6.49
 ea.",,$1.62 /100ml,"Regular price
$6.99  ea.","Valid until Feb 14, 2024",,https://www.metro.ca/en/online-grocery/search-page-327
IRRESISTIBLES,Colombian Coffee Flavoured Non-Dairy Frozen Bars,6x60 mL,"$6.49
 ea.",,$1.80 /100ml,"Regular price
$6.99  ea.","Valid until Feb 14, 2024",https://product-images.metro.ca/images/hbc/h14/10515872645150.jpg,https://www.metro.ca/en/online-grocery/search-page-327
LIFE SMART,"Frozen Mango Sorbet Bars, Organic",4x68 mL,"$5.49
 ea.",,$2.02 /100ml,"Regular price
$6.49  ea.","Valid until Feb 14, 2024",,https://www.metro.ca/en/online-grocery/search-page-327
IRRESISTIBLES,Strawberry And Banana Flavoured Dairy-Free Ice Cream...,6x60 mL,"$6.49
 ea.",,$1.80 /100ml,"Regular price
$6.99  ea.","Valid until Feb 14, 2024",,https://www.metro.ca/en/online-grocery/search-page-327
IRRESISTIBLES,Berry Flavoured Non-Dairy Frozen Bars With Chocolaty...,3x90 mL,"$6.49
 ea.",,$2.40 /100ml,"Regular price
$6.99  ea.","Valid until Feb 14, 2024",,https://www.metro.ca/en/online-grocery/search-page-327
IRRESISTIBLES,Triple Chocolate Non-Dairy Frozen Bars,3x90 mL,"$6.49
 ea.",,$2.40 /100ml,"Regular price
$6.99  ea.","Valid until Feb 14, 2024",https://product-images.metro.ca/images/h5f/hb6/10515974357022.jpg,https://www.metro.ca/en/online-grocery/search-page-327
ENLIGHTENED,Peanut Butter And Chocolate Flavoured Keto Ice Cream...,4x81 mL,"$10.49
 ea.",,$3.24 /100ml,,,,https://www.metro.ca/en/online-grocery/search-page-327
ENLIGHTENED,"Dark Chocolate, Vanilla And Almond Flavoured Keto Ic...",4x81 mL,"$10.49
 ea.",,$3.24 /100ml,,,,https://www.metro.ca/en/online-grocery/search-page-327
ESTRELLA DAMM,Spanish Lager Beer,12x330 mL,"$22.99
 ea.",,$0.58 /100ml,"Regular price
$24.99  ea.","Valid until Jan 10, 2024",https://www.metro.ca/images/shared/placeholders/icon-no-picture.svg?v=2023.71.1.d1,https://www.metro.ca/en/online-grocery/search-page-327
COORS SELTZER,"Alcoholic Malt Beverage Variety Pack, Splash Pack",12x355 mL,"$24.99
 ea.",,$7.04 /100ml,,,,https://www.metro.ca/en/online-grocery/search-page-327
BRISK,Lemon Flavoured Iced Tea,710 mL,"$1.29
 ea.",,$0.18 /100ml,,,https://product-images.metro.ca/images/hf8/h36/12018898206750.jpg,https://www.metro.ca/en/online-grocery/search-page-327
VIZZY,"Alcoholic Malt Beverage Variety Pack, Lemonade",12x355 mL,"$25.99
 ea.",,$7.32 /100ml,,,,https://www.metro.ca/en/online-grocery/search-page-327
MILLER LITE,Light Pilsner Beer,30x355 mL,"$42.99
 ea.",,$0.40 /100ml,"Regular price
$44.49  ea.","Valid until Jan 10, 2024",https://product-images.metro.ca/images/hcb/h79/11497581641758.jpg,https://www.metro.ca/en/online-grocery/search-page-327
,Blueberry Bagels,452 g,"2 / 
$6.00",,or $3.49 ea. $0.66 /100g,"Regular price
$3.99  ea.","Valid until Jan 10, 2024",https://product-images.metro.ca/images/h3c/hf2/10825075654686.jpg,https://www.metro.ca/en/online-grocery/search-page-327
SELECTION,"4.5"" Flour Tortillas, Street Tacos",240 g,"$3.79
 ea.",,$1.58 /100g,"Regular price
$4.29  ea.","Valid until Jan 10, 2024",,https://www.metro.ca/en/online-grocery/search-page-327
BELLE SAISON,Greenhouse Boston Lettuce,1 un,"2 / 
$5.00",,$2.50 /un.,"Regular price
$2.99  ea.","Valid until Jan 10, 2024",https://product-images.metro.ca/images/he9/h1b/11541290090526.jpg,https://www.metro.ca/en/online-grocery/search-page-328
MONSTER,"Watermelon Flavoured Energy Drink, Reserve",473 mL,"2 / 
$5.50",,$0.58 /100ml,"Regular price
$3.99  ea.","Valid until Jan 24, 2024",,https://www.metro.ca/en/online-grocery/search-page-328
HUGGIES,"Size 2 Diapers, Little Snugglers",72 un,"$30.99
 ea.",,$0.43 /un.,"Regular price
$33.99  ea.","Valid until Feb 7, 2024",,https://www.metro.ca/en/online-grocery/search-page-328
IRRESISTIBLES,Frozen Tropical Fruit Mix,600 g,"3 / 
$12.99",,or $5.99 ea. $0.72 /100g,,"Valid until Feb 14, 2024",https://product-images.metro.ca/images/hf2/hb5/12175220932638.jpg,https://www.metro.ca/en/online-grocery/search-page-328
LA FOURMI BIONIQUE,Organic Nature Granola Cereal,283 g,"$3.77
 ea.",,$1.33 /100g,"Regular price
$5.49  ea.","Valid until Jan 10, 2024",https://product-images.metro.ca/images/ha4/h6d/10724239736862.jpg,https://www.metro.ca/en/online-grocery/search-page-328
LA FOURMI BIONIQUE,Organic Aphrodisia Granola Cereal,283 g,"$3.77
 ea.",,$1.33 /100g,"Regular price
$5.49  ea.","Valid until Jan 10, 2024",https://product-images.metro.ca/images/h41/hca/10724335616030.jpg,https://www.metro.ca/en/online-grocery/search-page-328
LA FOURMI BIONIQUE,Organic Vitalia Granola Cereal,283 g,"$3.77
 ea.",,$1.33 /100g,"Regular price
$5.49  ea.","Valid until Jan 10, 2024",https://product-images.metro.ca/images/ha8/h9c/10724249042974.jpg,https://www.metro.ca/en/online-grocery/search-page-328
LA FOURMI BIONIQUE,Organic Euphoria Granola Cereal,283 g,"$3.77
 ea.",,$1.33 /100g,"Regular price
$5.49  ea.","Valid until Jan 10, 2024",https://product-images.metro.ca/images/h90/h3e/10724248911902.jpg,https://www.metro.ca/en/online-grocery/search-page-328
IRRESISTIBLES,Frozen Strawberries And Bananas,600 g,"3 / 
$12.99",,or $5.99 ea. $0.72 /100g,,"Valid until Feb 14, 2024",https://product-images.metro.ca/images/h9f/hbe/11521798799390.jpg,https://www.metro.ca/en/online-grocery/search-page-328
LIFE SMART,"Liquid Egg Whites, Naturalia",500 g,"$4.99
 ea.",,$1.00 /100g,,,,https://www.metro.ca/en/online-grocery/search-page-328
OASIS,"Orange Juice Without Pulp, Not From Concentrate",1.5 L,"$3.99
 ea.",,$0.27 /100ml,"Regular price
$5.29  ea.","Valid until Jan 10, 2024",https://product-images.metro.ca/images/hdb/hcd/11461883002910.jpg,https://www.metro.ca/en/online-grocery/search-page-328
HARVEST,"Gluten Free Sour Cream And Onion Flavoured Snack, Cr...",71 g,"$3.79
 ea.",,$5.34 /100g,,,,https://www.metro.ca/en/online-grocery/search-page-328
STARBUCKS,Medium Pike Place Roast Coffee Bean,907 g,"$19.99
 ea.",,$2.20 /100g,"Regular price
$26.49  ea.","Valid until Feb 7, 2024",https://product-images.metro.ca/images/h5e/hc3/12266574872606.jpg,https://www.metro.ca/en/online-grocery/search-page-328
KELLOGG'S,"Vanilla And Almond Flavoured Cereal, Special K",570 g,"$8.79
 ea.",,$1.54 /100g,,,,https://www.metro.ca/en/online-grocery/search-page-328
SILK,Original Flavour Oat Plant-Based Beverage,1.75 L,"$4.79
 ea.",,$0.27 /100ml,"Regular price
$5.69  ea.","Valid until Feb 14, 2024",https://product-images.metro.ca/images/hb5/hd0/11574212100126.jpg,https://www.metro.ca/en/online-grocery/search-page-328
BLACK DIAMOND,3 Shredded Cheese Blend,320 g,"$7.49
 ea.",,$2.34 /100g,"Regular price
$9.79  ea.","Valid until Jan 10, 2024",https://product-images.metro.ca/images/h32/heb/10715458306078.jpg,https://www.metro.ca/en/online-grocery/search-page-328
MAXWELL HOUSE,Rich And Full Bodied Roast Ground Coffee,900 g,"$11.99
 ea.",,$1.33 /100g,,,https://product-images.metro.ca/images/h93/he3/10894075428894.jpg,https://www.metro.ca/en/online-grocery/search-page-328
CADBURY,"Mini Chocolate Egg, Micro",90 g,"$3.19
 ea.",,$3.54 /100g,"Regular price
$3.69  ea.","Valid until Jan 24, 2024",,https://www.metro.ca/en/online-grocery/search-page-328
IRRESISTIBLES,Blueberry And Maple Flavoured Ice Cream,1.5 L,"$5.49
 ea.",,$0.37 /100ml,"Regular price
$7.29  ea.","Valid until Jan 10, 2024",https://product-images.metro.ca/images/h3d/h3d/10823304642590.jpg,https://www.metro.ca/en/online-grocery/search-page-328
TIM HORTONS,Potato And Bacon Ready To Serve Soup,540 mL,"4 / 
$10.00",,or $3.49 ea. $0.46 /100ml,"Regular price
$4.79  ea.","Valid until Jan 24, 2024",https://product-images.metro.ca/images/h2a/h84/10020891230238.jpg,https://www.metro.ca/en/online-grocery/search-page-328
KETTLE,Gluten Free Cheddar Chips,198 g,"2 / 
$7.50",,$1.89 /100g,"Regular price
$4.49  ea.","Valid until Jan 24, 2024",https://product-images.metro.ca/images/hcd/h31/11463559282718.jpg,https://www.metro.ca/en/online-grocery/search-page-328
BEN'S ORIGINAL,"Homestyle Chicken Flavoured Rice With Wild Rice, Fas...",132 g,"2 / 
$4.00",,$1.52 /100g,"Regular price
$2.49  ea.","Valid until Jan 24, 2024",,https://www.metro.ca/en/online-grocery/search-page-328
FOLGERS,Black Silk Ground Coffee,641 g,"$15.99
 ea.",,$2.49 /100g,,,https://product-images.metro.ca/images/h91/hc5/11401418440734.jpg,https://www.metro.ca/en/online-grocery/search-page-328
NESTLÉ,"Hot Chocolate Powder, Carnation",450 g,"$5.99
 ea.",,$1.33 /100g,"Regular price
$6.99  ea.","Valid until Feb 7, 2024",,https://www.metro.ca/en/online-grocery/search-page-328
LIFE SMART,Blueberry And Apple Sauce Snacks,6x113 g,"3 / 
$6.00",,or $2.99 ea. $0.29 /100g,,"Valid until Feb 7, 2024",https://product-images.metro.ca/images/hdc/h55/10200594219038.jpg,https://www.metro.ca/en/online-grocery/search-page-328
KELLOGG'S,"Family Size Brown Sugar Flavoured Cereal, Mini Wheats",650 g,"$7.99
 ea.",,$1.23 /100g,,,,https://www.metro.ca/en/online-grocery/search-page-328
BARILLA,Linguine,410 g,"$3.49
 ea.",,$0.85 /100g,,,https://product-images.metro.ca/images/hf9/hfb/11714361098270.jpg,https://www.metro.ca/en/online-grocery/search-page-328
LIFE SMART,"Unsalted Butter, Organic",250 g,"$6.99
 ea.",,$2.80 /100g,,,,https://www.metro.ca/en/online-grocery/search-page-328
OIKOS,"0% Zesty Lemon And Lime Flavoured Greek Yogurt, High...",650 g,"$7.99
 ea.",,$1.23 /100g,,,,https://www.metro.ca/en/online-grocery/search-page-328
IRRESISTIBLES,Lemonade,1.54 L,"$4.49
 ea.",,$0.29 /100ml,,,https://product-images.metro.ca/images/h70/hab/10472089321502.jpg,https://www.metro.ca/en/online-grocery/search-page-328
IRRESISTIBLES,Peach And White Balsamic Vinegar Dressing,350 mL,"$3.99
 ea.",,$1.14 /100ml,"Regular price
$4.49  ea.","Valid until Jan 24, 2024",https://product-images.metro.ca/images/h2d/h68/9658398212126.jpg,https://www.metro.ca/en/online-grocery/search-page-329
BEYOND,"Cod, Salmon And Sweet Potato Adult Wet Dog Food, Gra...",368 g,"2 / 
$5.50",,$0.75 /100g,"Regular price
$3.19  ea.","Valid until Jan 10, 2024",,https://www.metro.ca/en/online-grocery/search-page-329
MCCAFÉ,Premium Medium Dark Roast Fine Ground Coffee,340 g,"$11.99
 ea.",,$3.53 /100g,,,https://product-images.metro.ca/images/he9/hb7/11735179624478.jpg,https://www.metro.ca/en/online-grocery/search-page-329
MCCAFÉ,Premium Medium Dart Roast K-Cup Coffee Pods,12 un,"$11.99
 ea.",,$1.00 /un.,,,https://product-images.metro.ca/images/h4f/h51/11509506310174.jpg,https://www.metro.ca/en/online-grocery/search-page-329
MCCAFÉ,Premium Medium Dark Roast K-Cup Coffee Pods,48 un,"$35.99
 ea.",,$0.75 /un.,,,https://product-images.metro.ca/images/hc7/h19/11509508243486.jpg,https://www.metro.ca/en/online-grocery/search-page-329
IRRESISTIBLES,Garlic Bacon Caesar Dressing,350 mL,"$3.99
 ea.",,$1.14 /100ml,"Regular price
$4.49  ea.","Valid until Jan 24, 2024",https://product-images.metro.ca/images/h6b/ha3/9658397360158.jpg,https://www.metro.ca/en/online-grocery/search-page-329
MCCAFÉ,Premium Medium Dark Roast Decaffeinated K-Cup Coffee...,12 un,"$11.99
 ea.",,$1.00 /un.,,,,https://www.metro.ca/en/online-grocery/search-page-329
HERSHEY'S,"Chocolate And Nut Bites With Reese Peanut Butter, Oh...",180 g,"$4.99
 ea.",,$2.77 /100g,"Regular price
$6.29  ea.","Valid until Jan 24, 2024",,https://www.metro.ca/en/online-grocery/search-page-329
SELECTION,Four Cheese Pasta Sauce,650 mL,"$3.49
 ea.",,$0.54 /100ml,"Regular price
$4.19  ea.","Valid until Jan 24, 2024",https://product-images.metro.ca/images/h3b/h37/10402401026078.jpg,https://www.metro.ca/en/online-grocery/search-page-329
CRISPERS,"Fiery Jalapeno Flavoured Crackers, Crispers",145 g,"2 / 
$6.00",,$2.07 /100g,"Regular price
$3.69  ea.","Valid until Jan 24, 2024",,https://www.metro.ca/en/online-grocery/search-page-329
SELECTION,Garlic And Mushroom Pasta Sauce,650 mL,"$3.49
 ea.",,$0.54 /100ml,"Regular price
$4.19  ea.","Valid until Jan 24, 2024",https://product-images.metro.ca/images/hf7/h38/10402392735774.jpg,https://www.metro.ca/en/online-grocery/search-page-329
SILK,Unsweetened Vanilla Flavoured Almond And Cashew Plan...,1.75 L,"$4.79
 ea.",,$0.27 /100ml,"Regular price
$6.29  ea.","Valid until Feb 14, 2024",,https://www.metro.ca/en/online-grocery/search-page-329
MINUTE MAID,"No Sugar Added Mango Juice, Mango Passion",1.54 L,"$4.79
 ea.",,$0.31 /100ml,,,,https://www.metro.ca/en/online-grocery/search-page-329
MISS VICKIE'S,Original Recipe Kettle Cooked Chips,200 g,"$5.29
 ea.",,$2.65 /100g,,,https://product-images.metro.ca/images/hc9/hd0/11685161173022.jpg,https://www.metro.ca/en/online-grocery/search-page-329
LAY'S,Classic Mix Chips Variety Pack,504 g,"$10.99
 ea.",,$2.18 /100g,,,https://product-images.metro.ca/images/h30/h06/12066555789342.jpg,https://www.metro.ca/en/online-grocery/search-page-329
IVORY,Classic Scented Liquid Dish Soap,1.02 L,"$6.29
 ea.",,$0.62 /100ml,,,https://product-images.metro.ca/images/h6a/h44/11614615076894.jpg,https://www.metro.ca/en/online-grocery/search-page-329
KNORR,Vietnamese Beef Pho Instant Rice Noodle Soup,60 g,"$3.29
 ea.",,$5.48 /100g,,,https://product-images.metro.ca/images/h91/hbc/12191875629086.jpg,https://www.metro.ca/en/online-grocery/search-page-329
ROCKSTAR,Blackberry Flavoured Energy Drink,473 mL,"$3.79
 ea.",,$0.80 /100ml,,,https://product-images.metro.ca/images/h7a/haf/12175620079646.jpg,https://www.metro.ca/en/online-grocery/search-page-329
ROCKSTAR,Peach Flavoured Energy Drink,473 mL,"$3.79
 ea.",,$0.80 /100ml,,,https://www.metro.ca/images/shared/placeholders/icon-no-picture.svg?v=2023.71.1.d1,https://www.metro.ca/en/online-grocery/search-page-329
RED BULL,"Energy Drink, Dragon Fruit",250 mL,"2 / 
$5.50",,$1.10 /100ml,"Regular price
$3.49  ea.","Valid until Jan 24, 2024",https://product-images.metro.ca/images/h33/h7a/10946213838878.jpg,https://www.metro.ca/en/online-grocery/search-page-329
FANTA,Orange Flavoured Soft Drink,6X222 mL,"2 / 
$8.00",,$1.80 /100ml,"Regular price
$5.79  ea.","Valid until Jan 24, 2024",https://product-images.metro.ca/images/hc5/he2/12175532654622.jpg,https://www.metro.ca/en/online-grocery/search-page-329
RED BULL,Apricot And Strawberry Flavoured Energy Drink,355 mL,"$3.99
 ea.",,$1.12 /100ml,,,https://product-images.metro.ca/images/h86/ha1/11333085691934.jpg,https://www.metro.ca/en/online-grocery/search-page-329
GENERAL MILLS,"Minis Cereal, Reese'S Puffs",331 g,"2 / 
$8.00",,or $5.99 ea. $1.21 /100g,,"Valid until Feb 7, 2024",,https://www.metro.ca/en/online-grocery/search-page-329
LINDT,Hazelnut Oat Based Chocolate Bar,100 g,"$5.49
 ea.",,$5.49 /100g,"Regular price
$7.49  ea.","Valid until Jan 10, 2024",https://product-images.metro.ca/images/h0f/hf9/10433311309854.jpg,https://www.metro.ca/en/online-grocery/search-page-329
LIBERTÉ,"0% Wild Blueberry Yogurt, Greek",750 g,"$5.97
 ea.",,$0.80 /100g,"Regular price
$8.29  ea.","Valid until Jan 10, 2024",,https://www.metro.ca/en/online-grocery/search-page-329
LIPTON,Lemon Flavoured Iced Tea,12x340 mL,"$7.49
 ea.",,$0.18 /100ml,,,https://product-images.metro.ca/images/h49/hb2/12175023144990.jpg,https://www.metro.ca/en/online-grocery/search-page-329
CADBURY,"Salted Caramel Flavoured Chocolate Bar, Caramilk",50 g,"$1.69
 ea.",,$3.38 /100g,,,,https://www.metro.ca/en/online-grocery/search-page-329
KETTLE,Gluten Free Honey Dijon Chips,198 g,"2 / 
$7.50",,$1.89 /100g,"Regular price
$4.49  ea.","Valid until Jan 24, 2024",https://product-images.metro.ca/images/hc2/h21/11292956459038.jpg,https://www.metro.ca/en/online-grocery/search-page-329
SELECTION,Bologna,675 g,"$6.99
 ea.",,$1.04 /100g,,,https://product-images.metro.ca/images/hb0/he3/12175096774686.jpg,https://www.metro.ca/en/online-grocery/search-page-329
MISS VICKIE'S,All-Dressed Up Chips,190 g,"$5.29
 ea.",,$2.78 /100g,,,https://product-images.metro.ca/images/he8/h72/12245618196510.jpg,https://www.metro.ca/en/online-grocery/search-page-329
CRACKER BARREL,Smoked Cheddar Cheese Sliced,200 g,"$5.69
 ea.",,$2.85 /100g,"Regular price
$7.49  ea.","Valid until Jan 10, 2024",https://product-images.metro.ca/images/ha2/h92/12175603728414.jpg,https://www.metro.ca/en/online-grocery/search-page-330
CHAPMAN'S,Ice Cream Sandwich With Caramel Sauce,12x120 mL,"$8.49
 ea.",,$0.59 /100ml,,,https://product-images.metro.ca/images/h7f/h1a/11267977379870.jpg,https://www.metro.ca/en/online-grocery/search-page-330
VAN HOUTTE,Classic Black K-Cup® Coffee Capsules,10 un,"$9.99
 ea.",,$1.00 /un.,"Regular price
$11.99  ea.","Valid until Feb 7, 2024",https://product-images.metro.ca/images/hfd/hab/11386418429982.jpg,https://www.metro.ca/en/online-grocery/search-page-330
KELLOGG'S,"Brownie Flavoured Cereal, Krave",298 g,"$4.49
 ea.",,$1.51 /100g,"Regular price
$6.79  ea.","Valid until Feb 7, 2024",,https://www.metro.ca/en/online-grocery/search-page-330
ALLERGY SMART,Snickerdoodle Cookies,140 g,"$4.99
 ea.",,$3.56 /100g,,,https://product-images.metro.ca/images/hc3/hab/11307271028766.jpg,https://www.metro.ca/en/online-grocery/search-page-330
STARBUCKS,"Medium Roast K-Cup Coffee Pods, Colombia",24 un,"$19.99
 ea.",,$6.66 /100g,"Regular price
$25.49  ea.","Valid until Feb 7, 2024",,https://www.metro.ca/en/online-grocery/search-page-330
ALLERGY SMART,Chocolate Chip Cookie,140 g,"$4.99
 ea.",,$3.56 /100g,,,https://product-images.metro.ca/images/hf8/h06/11307347673118.jpg,https://www.metro.ca/en/online-grocery/search-page-330
IRRESISTIBLES,Sweet Soy And Ginger Sesame Dressing,350 mL,"$3.99
 ea.",,$1.14 /100ml,"Regular price
$4.49  ea.","Valid until Jan 24, 2024",https://product-images.metro.ca/images/h13/h10/9658411319326.jpg,https://www.metro.ca/en/online-grocery/search-page-330
PRANA,Organic Gluten Free Chocolatey Dream Overnight Chia Mix,250 g,"$3.50
 ea.",,$1.40 /100g,"Regular price
$6.99  ea.","Valid until Jun 20, 2024",https://product-images.metro.ca/images/ha6/h8b/11754328621086.jpg,https://www.metro.ca/en/online-grocery/search-page-330
IRRESISTIBLES,3-Cheese Ranch Dressing,350 mL,"$3.99
 ea.",,$1.14 /100ml,"Regular price
$4.49  ea.","Valid until Jan 24, 2024",https://product-images.metro.ca/images/hd0/h26/9658325794846.jpg,https://www.metro.ca/en/online-grocery/search-page-330
STARBUCKS,French Roast K-Cup® Coffee Capsule,44 un,"$35.99
 ea.",,$6.82 /100g,,,https://product-images.metro.ca/images/h1c/h6a/12266640113694.jpg,https://www.metro.ca/en/online-grocery/search-page-330
LIFE SMART,"Red And White Quinoa, Organic",240 g,"$3.39
 ea.",,$1.41 /100g,,,,https://www.metro.ca/en/online-grocery/search-page-330
DARE,"Strawberry And Yogourt Soft Cookies, Bear Paws",168 g,"$4.69
 ea.",,$2.79 /100g,,,,https://www.metro.ca/en/online-grocery/search-page-330
ST-HUBERT,Chicken Breast Fillets,550 g,"$18.99
 ea.",,$3.45 /100g,,,https://product-images.metro.ca/images/h1a/h5e/10542562246686.jpg,https://www.metro.ca/en/online-grocery/search-page-330
IRRESISTIBLES,Sriracha Ranch Dressing,350 mL,"$3.99
 ea.",,$1.14 /100ml,"Regular price
$4.49  ea.","Valid until Jan 24, 2024",https://product-images.metro.ca/images/h64/h0c/9658469023774.jpg,https://www.metro.ca/en/online-grocery/search-page-330
IRRESISTIBLES,Balsamic Dressing With Canola And Extra Virgin Olive...,350 mL,"$3.99
 ea.",,$1.14 /100ml,"Regular price
$4.49  ea.","Valid until Jan 24, 2024",,https://www.metro.ca/en/online-grocery/search-page-330
LIFE SMART,"Basmati Rice, Organic",240 g,"$3.39
 ea.",,$1.41 /100g,,,,https://www.metro.ca/en/online-grocery/search-page-330
BOB'S RED MILL,Stone Ground Brown Rice Flour,680 g,"$6.29
 ea.",,$0.93 /100g,,,https://product-images.metro.ca/images/he4/h38/10244784422942.jpg,https://www.metro.ca/en/online-grocery/search-page-330
IRRESISTIBLES,Honey And Smoky Mustard Dressing,350 mL,"$3.99
 ea.",,$1.14 /100ml,"Regular price
$4.49  ea.","Valid until Jan 24, 2024",https://product-images.metro.ca/images/h4b/h43/9658329268254.jpg,https://www.metro.ca/en/online-grocery/search-page-330
IRRESISTIBLES,"Yogurt, Basil And Taragon Dressing, Green Goddess",350 mL,"$3.99
 ea.",,$1.14 /100ml,"Regular price
$4.49  ea.","Valid until Jan 24, 2024",,https://www.metro.ca/en/online-grocery/search-page-330
DARE,"Vanilla Flavoured Sprinkle Crunch Cookies, Bear Paws",240 g,"$4.69
 ea.",,$1.95 /100g,,,,https://www.metro.ca/en/online-grocery/search-page-330
MCCAIN,"Frozen Lightly Battered Seasoned Sweet Potato Fries,...",454 g,"$5.49
 ea.",,$1.21 /100g,"Regular price
$6.79  ea.","Valid until Feb 14, 2024",,https://www.metro.ca/en/online-grocery/search-page-330
OIKOS,"0% Strawberry-Raspberry Flavoured Greek Yogurt, High...",650 g,"$7.99
 ea.",,$1.23 /100g,,,,https://www.metro.ca/en/online-grocery/search-page-330
DARE,"Double Chocolate Crunch Cookies, Bear Paws",240 g,"$4.69
 ea.",,$1.95 /100g,,,,https://www.metro.ca/en/online-grocery/search-page-330
MCCAFÉ,Premium Roast Medium Dark Coffee Beans,900 g,"$24.99
 ea.",,$2.78 /100g,,,https://product-images.metro.ca/images/h6e/h3c/12191853969438.jpg,https://www.metro.ca/en/online-grocery/search-page-330
MR. CLEAN,Febreze® Lavender Vanilla Scented Multi-Purpose Liqu...,1.33 L,"$5.99
 ea.",,$0.45 /100ml,,,,https://www.metro.ca/en/online-grocery/search-page-330
IRRESISTIBLES,Lemon Flavoured Iced Tea,1.54 L,"$4.49
 ea.",,$0.29 /100ml,,,https://product-images.metro.ca/images/h17/he7/10465503379486.jpg,https://www.metro.ca/en/online-grocery/search-page-330
SELECTION,Dark Roast K-Cup Coffee Pods,100 un,"$29.99
 ea.",,$0.30 /un.,,,https://product-images.metro.ca/images/ha4/hb7/12196755963934.jpg,https://www.metro.ca/en/online-grocery/search-page-330
LINDT,"Caramel And Sea Salt Milk Chocolate Truffles, Lindor",150 g,"$7.79
 ea.",,$5.19 /100g,"Regular price
$8.99  ea.","Valid until Jan 24, 2024",,https://www.metro.ca/en/online-grocery/search-page-330
INTERNATIONAL DELIGHT,Peppermint Mocha Flavoured Coffee Enhancer,946 mL,"$5.79
 ea.",,$0.61 /100ml,"Regular price
$6.49  ea.","Valid until Feb 14, 2024",https://product-images.metro.ca/images/h44/h9f/12227458695198.jpg,https://www.metro.ca/en/online-grocery/search-page-330
SELECTION,Roasted Garlic Pasta Sauce,650 mL,"$3.49
 ea.",,$0.54 /100ml,"Regular price
$4.19  ea.","Valid until Jan 24, 2024",https://product-images.metro.ca/images/h1f/h86/10402399584286.jpg,https://www.metro.ca/en/online-grocery/search-page-331
KELLOGG'S,"Family Size Cereal, Frosted Flakes",580 g,"$7.99
 ea.",,$1.38 /100g,,,,https://www.metro.ca/en/online-grocery/search-page-331
OFF THE EATEN PATH,Jalapeños Flavoured Rice And Peas Crisps,177 g,"$5.49
 ea.",,$3.10 /100g,,,https://product-images.metro.ca/images/h20/hd9/11064214945822.jpg,https://www.metro.ca/en/online-grocery/search-page-331
SELECTION,Tomato And Basil Pasta Sauce,650 mL,"$3.49
 ea.",,$0.54 /100ml,"Regular price
$4.19  ea.","Valid until Jan 24, 2024",https://product-images.metro.ca/images/h6a/h95/10402401353758.jpg,https://www.metro.ca/en/online-grocery/search-page-331
BLACK DIAMOND,Lactose Free Shredded Marble Cheddar Cheese,300 g,"$7.49
 ea.",,$2.50 /100g,"Regular price
$9.79  ea.","Valid until Jan 10, 2024",https://product-images.metro.ca/images/h9e/hbb/12175189770270.jpg,https://www.metro.ca/en/online-grocery/search-page-331
LIFE SMART,"Natural Cricket Powder, Naturalia",113 g,"$13.99
 ea.",,$12.38 /100g,,,,https://www.metro.ca/en/online-grocery/search-page-331
KNORR,Singapore Laksa Instant Noodles,70 g,"$3.29
 ea.",,$4.70 /100g,,,https://product-images.metro.ca/images/he4/h0f/11857631936542.jpg,https://www.metro.ca/en/online-grocery/search-page-331
PERRIER,Strawberry Flavoured Carbonated Spring Water,330 mL,"$1.49
 ea.",,$0.45 /100ml,,,https://www.metro.ca/images/shared/placeholders/icon-no-picture.svg?v=2023.71.1.d1,https://www.metro.ca/en/online-grocery/search-page-331
BLACK DIAMOND,"Blend Of 4 Shredded Cheese, Italiano",320 g,"$7.49
 ea.",,$2.34 /100g,"Regular price
$9.79  ea.","Valid until Jan 10, 2024",,https://www.metro.ca/en/online-grocery/search-page-331
MISS VICKIE'S,Sea Salt And Malt Vinegar Kettle Cooked Chips,200 g,"$5.29
 ea.",,$2.65 /100g,,,https://product-images.metro.ca/images/h00/hd1/11829870034974.jpg,https://www.metro.ca/en/online-grocery/search-page-331
LA CAGE,"Ribs, Classic",750 g,"$16.99
 ea.",,$2.27 /100g,"Regular price
$18.99  ea.","Valid until Jan 10, 2024",,https://www.metro.ca/en/online-grocery/search-page-331
QUAKER,"Cocoa Crunch Flavoured Brown Rice Chips, Crispy Minis",90 g,"$3.99
 ea.",,$4.43 /100g,,,,https://www.metro.ca/en/online-grocery/search-page-331
IMPOSSIBLE,Gluten Free Plant Based Burger Patties,226 g,"$9.99
 ea.",,$4.42 /100g,,,https://product-images.metro.ca/images/h5f/h37/10504562737182.jpg,https://www.metro.ca/en/online-grocery/search-page-331
POWERADE,"Fruit Punch Flavoured Electrolyte Sports Drink, Zero",710 mL,"2 / 
$4.00",,$0.28 /100ml,"Regular price
$2.49  ea.","Valid until Jan 24, 2024",,https://www.metro.ca/en/online-grocery/search-page-331
ARIZONA,Raspberry Flavoured Iced Tea,960 mL,"$2.39
 ea.",,$0.25 /100ml,,,https://product-images.metro.ca/images/h27/h81/10967823482910.jpg,https://www.metro.ca/en/online-grocery/search-page-331
RED BULL,Apricot And Strawberry Flavoured Energy Drink,250 mL,"2 / 
$5.50",,$1.10 /100ml,"Regular price
$3.49  ea.","Valid until Jan 24, 2024",https://product-images.metro.ca/images/hec/h92/11333085036574.jpg,https://www.metro.ca/en/online-grocery/search-page-331
SELECTION,Smoked Turkey Breast,,"$3.89
 / 100 g",,$38.90 /kg$17.64 /lb.,,,https://product-images.metro.ca/images/hef/hd1/9871273099294.jpg,https://www.metro.ca/en/online-grocery/search-page-331
MONSTER,"Pinealpple Flavoured Energy Drinks, Ultra Gold",4x473 mL,"$9.79
 ea.",,$0.52 /100ml,"Regular price
$12.99  ea.","Valid until Jan 24, 2024",,https://www.metro.ca/en/online-grocery/search-page-331
MISS VICKIE'S,Lime And Black Pepper Kettle Cooked Chips,200 g,"$5.29
 ea.",,$2.65 /100g,,,https://product-images.metro.ca/images/h0b/h09/12279477960734.jpg,https://www.metro.ca/en/online-grocery/search-page-331
MCCAIN,"Frozen Savoury Herb Potato Patties, 9-Minute Breakfast",600 g,"$5.49
 ea.",,$0.92 /100g,"Regular price
$6.79  ea.","Valid until Feb 14, 2024",,https://www.metro.ca/en/online-grocery/search-page-331
MISS VICKIE'S,Sweet And Spicy Ketchup Flavoured Kettle Cooked Chips,190 g,"$5.29
 ea.",,$2.78 /100g,,,https://product-images.metro.ca/images/h41/hef/11103132680222.jpg,https://www.metro.ca/en/online-grocery/search-page-331
GENERAL MILLS,"Vanilla Spices And Cinnamon Flavoured Cereal, Cheerios",342 g,"2 / 
$8.00",,or $5.99 ea. $1.17 /100g,,"Valid until Feb 7, 2024",,https://www.metro.ca/en/online-grocery/search-page-331
SELECTION,Crispy Rice Cereal,640 g,"$4.99
 ea.",,$0.78 /100g,"Regular price
$6.29  ea.","Valid until Feb 7, 2024",https://product-images.metro.ca/images/he6/h18/10882913075230.jpg,https://www.metro.ca/en/online-grocery/search-page-331
MISS VICKIE'S,Sweet Chili And Sour Cream Kettle Cooked Chips,200 g,"$5.29
 ea.",,$2.65 /100g,,,https://product-images.metro.ca/images/h91/hbe/12279468851230.jpg,https://www.metro.ca/en/online-grocery/search-page-331
PURPLESFUL SNACKING,Gluten Free Cheddar Pop Corn,136 g,"$4.49
 ea.",,$3.30 /100g,"Regular price
$4.99  ea.","Valid until Jan 24, 2024",https://product-images.metro.ca/images/hc4/h78/11090363383838.jpg,https://www.metro.ca/en/online-grocery/search-page-331
LA FERNANDIÈRE,Mild And Hot Italian Sausages,675 g,"$10.49
 ea.",,$1.55 /100g,,,https://product-images.metro.ca/images/hbc/he4/11691963514910.jpg,https://www.metro.ca/en/online-grocery/search-page-331
RED BULL,Peach And Nectarine Flavoured Energy Drink,355 mL,"$3.99
 ea.",,$1.12 /100ml,,,https://product-images.metro.ca/images/haa/h6d/11481693454366.jpg,https://www.metro.ca/en/online-grocery/search-page-331
NUTS TO YOU NUT BUTTER,Smooth Cashew Butter,365 g,"$9.99
 ea.",,$2.74 /100g,"Regular price
$10.49  ea.","Valid until Feb 7, 2024",https://product-images.metro.ca/images/h00/h4a/11386347028510.jpg,https://www.metro.ca/en/online-grocery/search-page-331
BFIT,High Protein Vanilla Milkshake,460 mL,"$4.29
 ea.",,$0.93 /100ml,,,https://product-images.metro.ca/images/hfa/h57/11590812205086.jpg,https://www.metro.ca/en/online-grocery/search-page-331
DAWN,"Lemon Scented Dishwashing Detergent, Ez-Squeeze",535 mL,"$5.49
 ea.",,$1.03 /100ml,,,,https://www.metro.ca/en/online-grocery/search-page-331
RIVIERA,Lactose Free Plain Cheese Spread,125 g,"$4.99
 ea.",,$3.99 /100g,,,https://product-images.metro.ca/images/h26/hee/11344308994078.jpg,https://www.metro.ca/en/online-grocery/search-page-332
CAMPBELL'S,"Ready To Serve Chicken And Vegetable Pot Pie Soup, C...",515 mL,"$4.99
 ea.",,$0.97 /100ml,,,,https://www.metro.ca/en/online-grocery/search-page-332
CAMPBELL'S,"Ready To Serve Vegetable And Beef Soup, Chunky",515 mL,"$4.99
 ea.",,$0.97 /100ml,,,,https://www.metro.ca/en/online-grocery/search-page-332
LYSOL,Citrus Disinfecting Wipes,84 un,"$5.49
 ea.",,$0.07 /un.,"Regular price
$6.79  ea.","Valid until Feb 7, 2024",https://product-images.metro.ca/images/h85/h43/10170798997534.jpg,https://www.metro.ca/en/online-grocery/search-page-332
OREO,"Original Chocolate Sandwich Cookies, Party Size",723 g,"$8.49
 ea.",,$1.17 /100g,,,,https://www.metro.ca/en/online-grocery/search-page-332
IRRESISTIBLES,2% Vanilla Greek Yogurt,750 g,"$5.89
 ea.",,$0.79 /100g,,,https://product-images.metro.ca/images/h15/h10/11521905885214.jpg,https://www.metro.ca/en/online-grocery/search-page-332
SELECTION,Fibre Guard He Bleach,2.4 L,"$3.99
 ea.",,$0.17 /100ml,,,https://product-images.metro.ca/images/hc3/ha1/10444545589278.jpg,https://www.metro.ca/en/online-grocery/search-page-332
MISS VICKIE'S,Jalapeño Flavoured Kettle Cooked Chips,200 g,"$5.29
 ea.",,$2.65 /100g,,,https://product-images.metro.ca/images/h04/hb0/12279482187806.jpg,https://www.metro.ca/en/online-grocery/search-page-332
BECEL,Vegan Margarine,850 g,"$7.99
 ea.",,$0.94 /100g,"Regular price
$9.79  ea.","Valid until Jan 10, 2024",https://product-images.metro.ca/images/h8c/h89/10529638252574.jpg,https://www.metro.ca/en/online-grocery/search-page-332
IRRESISTIBLES,Creamy Poke Dressing,350 mL,"$3.99
 ea.",,$1.14 /100ml,"Regular price
$4.49  ea.","Valid until Jan 24, 2024",https://product-images.metro.ca/images/h32/hf0/12175534522398.jpg,https://www.metro.ca/en/online-grocery/search-page-332
POWERADE,"Orange Flavoured Electrolyte Sports Drink, Zero",710 mL,"2 / 
$4.00",,$0.28 /100ml,"Regular price
$2.49  ea.","Valid until Jan 24, 2024",,https://www.metro.ca/en/online-grocery/search-page-332
LIFE SMART,"Unsweeted Apple Sauce Snacks, Organic",6x113 g,"$3.69
 ea.",,$0.54 /100g,"Regular price
$4.49  ea.","Valid until Feb 7, 2024",,https://www.metro.ca/en/online-grocery/search-page-332
BECEL,Unsalted Plant Butter,454 g,"$7.79
 ea.",,$1.72 /100g,,,https://product-images.metro.ca/images/hd7/h14/11728547938334.jpg,https://www.metro.ca/en/online-grocery/search-page-332
LYSOL,Citrus Scented Disinfecting Wipe,75 un,"$5.49
 ea.",,$0.07 /un.,"Regular price
$6.49  ea.","Valid until Feb 7, 2024",https://product-images.metro.ca/images/h93/ha0/10486713647134.jpg,https://www.metro.ca/en/online-grocery/search-page-332
KEEP CALM,"Canadian White Wine, & Laugh",750 mL,"$12.29
 ea.",,$1.64 /100ml,,,,https://www.metro.ca/en/online-grocery/search-page-332
SELECTION,Old-Fashioned Smoked Ham,,"$2.79
 / 100 g",,$27.90 /kg$12.66 /lb.,,,https://product-images.metro.ca/images/h72/h8e/9647321317406.jpg,https://www.metro.ca/en/online-grocery/search-page-332
BLACK DIAMOND,Lactose Free Mozzarella Pizza Shredded Cheese,300 g,"$7.49
 ea.",,$2.50 /100g,"Regular price
$9.79  ea.","Valid until Jan 10, 2024",https://product-images.metro.ca/images/haf/hd2/10715591999518.jpg,https://www.metro.ca/en/online-grocery/search-page-332
CAMPBELL'S,"Ready To Serve Texas Style Bbq Beef Soup, Chunky",515 mL,"$4.99
 ea.",,$0.97 /100ml,,,,https://www.metro.ca/en/online-grocery/search-page-332
BEN'S ORIGINAL,"Tomato And Herbs Flavoured Rice, 10 Medley",240 g,"$4.99
 ea.",,$2.08 /100g,,,,https://www.metro.ca/en/online-grocery/search-page-332
CAMPBELL'S,"Steak And Potato Ready To Serve Soup, Chunky",515 mL,"$4.99
 ea.",,$0.97 /100ml,,,,https://www.metro.ca/en/online-grocery/search-page-332
KELLOGG'S,"Strawberry Flavoured Cereal, Mini Wheats",439 g,"$4.49
 ea.",,$1.02 /100g,"Regular price
$7.49  ea.","Valid until Jan 10, 2024",,https://www.metro.ca/en/online-grocery/search-page-332
BECEL,Margarine With Olive Oil,850 g,"$7.99
 ea.",,$0.94 /100g,"Regular price
$9.79  ea.","Valid until Jan 10, 2024",https://product-images.metro.ca/images/h67/h9b/12175025963038.jpg,https://www.metro.ca/en/online-grocery/search-page-332
IRRESISTIBLES,Extra Virgin Italian Olive Oil,1 l,"$19.99
 ea.",,$2.00 /100ml,,,https://product-images.metro.ca/images/hd3/h66/11521725726750.jpg,https://www.metro.ca/en/online-grocery/search-page-332
RED BULL,"Energy Drink, Peach-Nectarine",4x250 mL,"$8.99
 ea.",,$0.90 /100ml,"Regular price
$11.49  ea.","Valid until Jan 24, 2024",https://product-images.metro.ca/images/ha3/h55/11834201473054.jpg,https://www.metro.ca/en/online-grocery/search-page-332
LIFE SMART,"Arrabbiata Pasta Sauce, Organic",700 mL,"2 / 
$8.00",,or $4.99 ea. $0.57 /100ml,"Regular price
$5.49  ea.","Valid until Jan 24, 2024",,https://www.metro.ca/en/online-grocery/search-page-332
SELECTION ECO,"Small Compostable Bags, Eco",100 un,"$15.99
 ea.",,$0.16 /un.,,,,https://www.metro.ca/en/online-grocery/search-page-332
SELECTION,Chewy Chocolat Chip Bars,1.26 kg,"$9.99
 ea.",,$0.79 /100g,,,https://product-images.metro.ca/images/hb8/ha1/11693900038174.jpg,https://www.metro.ca/en/online-grocery/search-page-332
VAN HOUTTE,Vanilla And Caramel Flavoured K-Cup® Coffee Capsules,10 un,"$9.99
 ea.",,$1.00 /un.,"Regular price
$11.99  ea.","Valid until Feb 7, 2024",https://product-images.metro.ca/images/hcb/h1c/11386357415966.jpg,https://www.metro.ca/en/online-grocery/search-page-332
SELECTION,"Paper Towels, Value Pack",12 un,"$12.99
 ea.",,$1.08 /un.,,,,https://www.metro.ca/en/online-grocery/search-page-332
LIFE SMART,"Red Berries Granola, Naturalia",300 g,"$3.99
 ea.",,$1.33 /100g,"Regular price
$4.49  ea.","Valid until Feb 7, 2024",,https://www.metro.ca/en/online-grocery/search-page-332
RIVIERA,Basil And Chive Cheese Spread,125 g,"$4.99
 ea.",,$3.99 /100g,,,https://product-images.metro.ca/images/h4b/hb0/11351896162334.jpg,https://www.metro.ca/en/online-grocery/search-page-333
EARTH'S OWN,"Vanilla Flavoured Organic Oat Beverage, Naked",1.75 L,"$7.79
 ea.",,$0.45 /100ml,,,,https://www.metro.ca/en/online-grocery/search-page-333
DARE,"Caramel Crunch Cookies, Bear Paws",240 g,"$4.69
 ea.",,$1.95 /100g,,,,https://www.metro.ca/en/online-grocery/search-page-333
AMORETTI,Italian Red Wine,4 L,"$49.99
 ea.",,$0.01 /ml,,,https://product-images.metro.ca/images/h71/hdc/11090269306910.jpg,https://www.metro.ca/en/online-grocery/search-page-333
,Frozen Fillet Remove Chicken Breast,1.36 kg,"$10.00
 ea.",,$0.74 /100g,"Regular price
$20.00  ea.","Valid until Jan 17, 2024",https://product-images.metro.ca/images/h2d/h0b/11493216288798.jpg,https://www.metro.ca/en/online-grocery/search-page-333
BLUE DIAMOND,Salt And Vinegar Seasonned Almonds,170 g,"$6.79
 ea.",,$3.99 /100g,,,https://product-images.metro.ca/images/haa/ha6/11094956113950.jpg,https://www.metro.ca/en/online-grocery/search-page-333
BLUE DIAMOND,Spicy Pickle Flavoured Almonds,170 g,"$6.79
 ea.",,$3.99 /100g,,,https://product-images.metro.ca/images/hd8/h19/11094956245022.jpg,https://www.metro.ca/en/online-grocery/search-page-333
CAMPBELL'S,"Ready To Serve Potato And Bacon Soup, Chunky",515 mL,"$4.99
 ea.",,$0.97 /100ml,,,,https://www.metro.ca/en/online-grocery/search-page-333
KITKAT,"Crispy Wafer Pieces With Chocolate Coating, Pops",170 g,"$5.29
 ea.",,$3.11 /100g,,,,https://www.metro.ca/en/online-grocery/search-page-333
ACTIVIA,1.5% Vanilla Flavoured Probiotics Drinkable Yogurts,8x93 mL,"$5.49
 ea.",,$0.74 /100ml,"Regular price
$6.49  ea.","Valid until Feb 14, 2024",https://product-images.metro.ca/images/hbe/hb4/11735271243806.jpg,https://www.metro.ca/en/online-grocery/search-page-333
KEEP CALM,"Canadian White Wine, & Laugh",4 L,"$45.99
 ea.",,$1.15 /100ml,,,,https://www.metro.ca/en/online-grocery/search-page-333
MID-DAY SQUARES,Cookie Dough,33 g,"2 / 
$4.00",,$6.06 /100g,"Regular price
$2.79  ea.","Valid until Feb 7, 2024",https://product-images.metro.ca/images/hdd/h8e/12192231456798.jpg,https://www.metro.ca/en/online-grocery/search-page-333
OIKOS,9% Vanilla Flavoured Extra Creamy Greek Yogurt,650 g,"$7.99
 ea.",,$1.23 /100g,,,https://product-images.metro.ca/images/hc6/hd9/12175507947550.jpg,https://www.metro.ca/en/online-grocery/search-page-333
LIPTON,Peach Flavoured Iced Tea,12x340 mL,"$7.49
 ea.",,$0.18 /100ml,,,https://product-images.metro.ca/images/h0d/hef/9528326324254.jpg,https://www.metro.ca/en/online-grocery/search-page-333
STARBUCKS,Dark Verona Coffe Beans,907 g,"$19.99
 ea.",,$2.20 /100g,"Regular price
$26.49  ea.","Valid until Feb 7, 2024",https://product-images.metro.ca/images/h3f/h26/12266574905374.jpg,https://www.metro.ca/en/online-grocery/search-page-333
CHEETOS,Pizza Flavoured Paws Shapped Snack,54 g,"$2.19
 ea.",,$4.06 /100g,,,,https://www.metro.ca/en/online-grocery/search-page-333
LIFE SMART,"Gluten Free And Salt Free Tortilla Chips, Naturalia",350 g,"$3.99
 ea.",,$1.14 /100g,,,,https://www.metro.ca/en/online-grocery/search-page-333
ILLY,"Medium Espresso Coffee Beans, Classico",250 g,"$15.99
 ea.",,$6.40 /100g,,,,https://www.metro.ca/en/online-grocery/search-page-333
ILLY,"Dark Espresso Ground Coffee, Intenso",250 g,"$15.99
 ea.",,$6.40 /100g,,,,https://www.metro.ca/en/online-grocery/search-page-333
BÂTON ROUGE,BBQ Flavoured Pork Back Ribs,585 g,"$18.99
 ea.",,$3.25 /100g,,,https://product-images.metro.ca/images/h6c/h59/11449713524766.jpg,https://www.metro.ca/en/online-grocery/search-page-333
CRACKER BARREL,Mediterranean Shredded Cheese,320 g,"$9.99
 ea.",,$3.12 /100g,,,https://product-images.metro.ca/images/h42/h9e/11375943712798.jpg,https://www.metro.ca/en/online-grocery/search-page-333
LIFE SMART,Fieldberry Granola,450 g,"$3.99
 ea.",,$0.89 /100g,"Regular price
$4.49  ea.","Valid until Feb 7, 2024",https://product-images.metro.ca/images/h89/h01/11154123882526.jpg,https://www.metro.ca/en/online-grocery/search-page-333
LIFE SMART,"Fruits, Almonds And Honey Granola, Naturalia",300 g,"$3.99
 ea.",,$1.33 /100g,"Regular price
$4.49  ea.","Valid until Feb 7, 2024",,https://www.metro.ca/en/online-grocery/search-page-333
GENERAL MILLS,"Cinnamon Roll Cereal, Cinnamon Toast Crunch",303 g,"2 / 
$8.00",,or $5.99 ea. $1.32 /100g,,"Valid until Feb 7, 2024",,https://www.metro.ca/en/online-grocery/search-page-333
ANCHOR'S BAY,Whole Tilapia,1.36 kg,"$10.99
 ea.",,$0.81 /100g,,,https://product-images.metro.ca/images/h00/hc0/10823843971102.jpg,https://www.metro.ca/en/online-grocery/search-page-333
CAMPBELL'S,"Ready To Serve Chicken And Corn Soup, Chunky",515 mL,"$4.99
 ea.",,$0.97 /100ml,,,,https://www.metro.ca/en/online-grocery/search-page-333
FOLGERS,Intensely Dark Ground Coffee,641 g,"$15.99
 ea.",,$2.49 /100g,,,https://product-images.metro.ca/images/hb6/h5a/11401420505118.jpg,https://www.metro.ca/en/online-grocery/search-page-333
FLEECY,"Brazilian Paradise Scented Softener, Sensations",1.36 L,"$5.49
 ea.",,$0.40 /100ml,"Regular price
$6.49  ea.","Valid until Feb 7, 2024",,https://www.metro.ca/en/online-grocery/search-page-333
FINISH,"Xxl Quantum Ultimate Dishwasher Tab, Powerball",72 un,"$29.99
 ea.",,$0.42 /un.,,,,https://www.metro.ca/en/online-grocery/search-page-333
BECEL,Salted Plant Butter,454 g,"$7.79
 ea.",,$1.72 /100g,,,https://product-images.metro.ca/images/h60/he0/11728547512350.jpg,https://www.metro.ca/en/online-grocery/search-page-333
LIFE SMART,1% Cottage Cheese,500 g,"$4.29
 ea.",,$0.86 /100g,,,https://product-images.metro.ca/images/h9a/hdc/10221839122462.jpg,https://www.metro.ca/en/online-grocery/search-page-334
BOUNTY,2-Ply Paper Towels,4 un,"$13.79
 ea.",,$3.45 /un.,,,https://product-images.metro.ca/images/h2d/h78/11522051538974.jpg,https://www.metro.ca/en/online-grocery/search-page-334
MISS VICKIE'S,Honey Dijon Kettle Cooked Chips,200 g,"$5.29
 ea.",,$2.65 /100g,,,https://product-images.metro.ca/images/h34/hcf/11685144887326.jpg,https://www.metro.ca/en/online-grocery/search-page-334
MISS VICKIE'S,Applewood Smoked Barbecue Kettle Cooked Chips,200 g,"$5.29
 ea.",,$2.65 /100g,,,https://product-images.metro.ca/images/hcf/hcd/10778737213470.jpg,https://www.metro.ca/en/online-grocery/search-page-334
LYSOL,Spring Waterfall Scented Disinfecting Wipe,75 un,"$5.49
 ea.",,$0.07 /un.,"Regular price
$6.49  ea.","Valid until Feb 7, 2024",https://product-images.metro.ca/images/h3d/hd5/10486713548830.jpg,https://www.metro.ca/en/online-grocery/search-page-334
BLACK DIAMOND,Lactose Free Marble Cheddar Sliced Cheese,220 g,"$5.69
 ea.",,$2.59 /100g,"Regular price
$7.49  ea.","Valid until Jan 10, 2024",https://product-images.metro.ca/images/h2a/hf6/10529773551646.jpg,https://www.metro.ca/en/online-grocery/search-page-334
COCA-COLA,Quebec Maple Flavoured Soft Drink,4x355 mL,"$8.49
 ea.",,$2.39 /100ml,,,https://product-images.metro.ca/images/h64/h87/10495876988958.jpg,https://www.metro.ca/en/online-grocery/search-page-334
BLACK DIAMOND,Lactose Free Mozzarella Sliced Cheese,220 g,"$5.69
 ea.",,$2.59 /100g,"Regular price
$7.49  ea.","Valid until Jan 10, 2024",https://product-images.metro.ca/images/hf6/h7a/10529771487262.jpg,https://www.metro.ca/en/online-grocery/search-page-334
O SOLE MIO,Marinara Sauce,500 ml,"$7.99
 ea.",,$1.60 /100ml,"Regular price
$8.49  ea.","Valid until Jan 10, 2024",https://product-images.metro.ca/images/h39/h63/10946389016606.jpg,https://www.metro.ca/en/online-grocery/search-page-334
CAMPBELL'S,"Ready To Serve Vegetable Butter And Chicken Soup, C...",515 mL,"$4.99
 ea.",,$0.97 /100ml,,,,https://www.metro.ca/en/online-grocery/search-page-334
MISS VICKIE'S,Sour Cream And Caramelized Onion Kettle Cooked Chips,200 g,"$5.29
 ea.",,$2.65 /100g,,,https://product-images.metro.ca/images/h66/h5a/11685159534622.jpg,https://www.metro.ca/en/online-grocery/search-page-334
RED BULL,"Energy Drink, Peach-Nectarine",250 mL,"2 / 
$5.50",,$1.10 /100ml,"Regular price
$3.49  ea.","Valid until Jan 24, 2024",https://product-images.metro.ca/images/hba/hd8/11481694044190.jpg,https://www.metro.ca/en/online-grocery/search-page-334
CAMPBELL'S,"Ready To Serve Beef Soup, Chunky",515 mL,"$4.99
 ea.",,$0.97 /100ml,,,,https://www.metro.ca/en/online-grocery/search-page-334
NESTLÉ,"Pineapple And Coconut Flavoured Creamy Iced Bars, De...",10x50 mL,"$5.99
 ea.",,$1.20 /100ml,"Regular price
$8.79  ea.","Valid until Jan 24, 2024",,https://www.metro.ca/en/online-grocery/search-page-334
WHITE CLAW,Strawberry Ice Tea Flavoured Alcoholic Malt Beverage,6x355 mL,"$14.99
 ea.",,$4.22 /100ml,,,https://product-images.metro.ca/images/hf7/hca/11401511239710.jpg,https://www.metro.ca/en/online-grocery/search-page-334
MATT & STEVE'S,Garlic & Dill Pickle Spears,750 mL,"$5.49
 ea.",,$0.73 /100ml,"Regular price
$6.29  ea.","Valid until Jan 24, 2024",https://product-images.metro.ca/images/h46/he4/10413483130910.jpg,https://www.metro.ca/en/online-grocery/search-page-334
KELLOGG'S,"Family Size Flakes Cereal, All-Bran",560 g,"$8.29
 ea.",,$1.48 /100g,,,,https://www.metro.ca/en/online-grocery/search-page-334
BARILLA,Rigatoni,410 g,"$3.49
 ea.",,$0.85 /100g,,,https://product-images.metro.ca/images/hc5/hf0/12191905775646.jpg,https://www.metro.ca/en/online-grocery/search-page-334
RISE BOTANICALS,Cocoa And Chai Flavoured Sparkling Adaptogenic Beverage,414 mL,"$3.69
 ea.",,$0.89 /100ml,"Regular price
$4.29  ea.","Valid until Feb 14, 2024",https://product-images.metro.ca/images/h3e/hec/11754324951070.jpg,https://www.metro.ca/en/online-grocery/search-page-334
FLEECY,Aroma Therapy Calm Scented Liquid Fabric Softener,57 loads-1.36 L,"$5.49
 ea.",,$0.40 /100ml,"Regular price
$6.49  ea.","Valid until Feb 7, 2024",https://product-images.metro.ca/images/hc0/hee/10727393591326.jpg,https://www.metro.ca/en/online-grocery/search-page-334
THE GREAT GENTLEMAN,Spicy Pineapple Soft Drink,6x250 mL,"$9.49
 ea.",,$0.63 /100ml,"Regular price
$11.29  ea.","Valid until Jan 24, 2024",https://product-images.metro.ca/images/hd1/h35/10157276266526.jpg,https://www.metro.ca/en/online-grocery/search-page-334
EARTH'S OWN,Unsweetened Oat Vanilla Beverage,1.75 L,"$4.99
 ea.",,$0.29 /100ml,,,https://product-images.metro.ca/images/h80/hb3/12175858237470.jpg,https://www.metro.ca/en/online-grocery/search-page-334
QUAKER,"Honey And Nut Flavoured Granola Cereal Value Pack, H...",1.2 kg,"$11.49
 ea.",,$0.96 /100g,,,,https://www.metro.ca/en/online-grocery/search-page-334
THE GREAT GENTLEMAN,Watermelon-Hibiscus Flavoured Soft Drink,6x250 mL,"$9.49
 ea.",,$0.63 /100ml,"Regular price
$11.29  ea.","Valid until Jan 24, 2024",https://product-images.metro.ca/images/hf0/ha8/10156848119838.jpg,https://www.metro.ca/en/online-grocery/search-page-334
LIFE SMART,Reduced Sugar Peach Slices In Water,796 mL,"$3.49
 ea.",,$0.44 /100ml,"Regular price
$4.49  ea.","Valid until Feb 7, 2024",https://product-images.metro.ca/images/h57/h35/11117417332766.jpg,https://www.metro.ca/en/online-grocery/search-page-334
MEOW MIX,"Turkey And Chicken Flavoured Paté For Cats, Tasty La...",78 g,"3 / 
$4.00",,$1.71 /100g,"Regular price
$1.79  ea.","Valid until Jan 24, 2024",,https://www.metro.ca/en/online-grocery/search-page-334
TIM HORTONS,Mediterranean Lentil Ready To Serve Soup,540 mL,"4 / 
$10.00",,or $3.49 ea. $0.46 /100g,"Regular price
$4.79  ea.","Valid until Jan 24, 2024",https://product-images.metro.ca/images/hcc/h05/10455054450718.jpg,https://www.metro.ca/en/online-grocery/search-page-334
CRACKER BARREL,"Macaroni With White Cheddar Cheese, Oven Baked",349 g,"$5.99
 ea.",,$1.72 /100g,,,,https://www.metro.ca/en/online-grocery/search-page-334
MEOW MIX,"Tuna And White Fish Flavoured Paté For Cats, Tasty L...",78 g,"3 / 
$4.00",,$1.71 /100g,"Regular price
$1.79  ea.","Valid until Jan 24, 2024",,https://www.metro.ca/en/online-grocery/search-page-334
CHEF BOYARDEE,Pasta In Tomato Sauce,425 g,"$2.79
 ea.",,$0.66 /100g,"Regular price
$3.49  ea.","Valid until Jan 24, 2024",https://product-images.metro.ca/images/hbc/hb6/10278225936414.jpg,https://www.metro.ca/en/online-grocery/search-page-334
MONSTER,Mango Loco Flavoured Energy Drink,4x473 mL,"$9.79
 ea.",,$0.52 /100ml,"Regular price
$12.99  ea.","Valid until Jan 24, 2024",https://product-images.metro.ca/images/h4a/hbe/10905673105438.jpg,https://www.metro.ca/en/online-grocery/search-page-335
SELECTION,Bite Size Pitted Prunes,375 g,"$6.29
 ea.",,$1.68 /100g,,,https://product-images.metro.ca/images/h70/h99/9868972359710.jpg,https://www.metro.ca/en/online-grocery/search-page-335
NATREL,2% Fine-Filtred Chocolate Milk,2 L,"$6.69
 ea.",,$0.33 /100ml,,,https://product-images.metro.ca/images/h7d/he4/10231255891998.jpg,https://www.metro.ca/en/online-grocery/search-page-335
BRASSERIE LES 2 FRÈRES,"Strong Milkshake Beer, Hickson",473 mL - can,"$4.49
 ea.",,$0.95 /100ml,,,,https://www.metro.ca/en/online-grocery/search-page-335
LACTANTIA,1% Lactose Free Milk,4 L,"$10.99
 ea.",,$0.27 /100ml,"Regular price
$11.69  ea.","Valid until Feb 14, 2024",https://product-images.metro.ca/images/h8a/he8/11354291896350.jpg,https://www.metro.ca/en/online-grocery/search-page-335
LIFE SMART,Frozen Beef Stir-Fried,230 g,"$3.29
 ea.",,$1.43 /100g,,,https://product-images.metro.ca/images/h85/hd7/9878253600798.jpg,https://www.metro.ca/en/online-grocery/search-page-335
SAN PELLEGRINO,Pomegranate And Blackcurrant Flavoured Sparkling Bev...,6x330 mL,"$8.79
 ea.",,$0.44 /100ml,,,,https://www.metro.ca/en/online-grocery/search-page-335
SAN PELLEGRINO,"Lemon And Raspberry Flavoured Sparkling Beverage, Mo...",6x330 mL,"$8.79
 ea.",,$0.44 /100ml,,,,https://www.metro.ca/en/online-grocery/search-page-335
SAN PELLEGRINO,"Clementine And Peach Flavoured Sparkling Beverage, M...",6x330 mL,"$8.79
 ea.",,$0.44 /100ml,,,,https://www.metro.ca/en/online-grocery/search-page-335
MICROBRASSERIE VOX POPULI,"Imperial IPA Beer, Fruit Punch",473 mL - can,"$4.69
 ea.",,$0.99 /100ml,,,,https://www.metro.ca/en/online-grocery/search-page-335
MICROBRASSERIE VOX POPULI,"Citrus IPA Beer, Hop Orange",473 mL - can,"$4.69
 ea.",,$0.99 /100ml,,,,https://www.metro.ca/en/online-grocery/search-page-335
MICROBRASSERIE VOX POPULI,"Session IPA Beer, Fruit Punch",473 mL - can,"$4.69
 ea.",,$0.99 /100ml,,,,https://www.metro.ca/en/online-grocery/search-page-335
MICROBRASSERIE VOX POPULI,Lactose And Vanilla Milkshake IPA Beer,473 mL - can,"$4.69
 ea.",,$0.99 /100ml,,,https://product-images.metro.ca/images/hca/h3a/10520555388958.jpg,https://www.metro.ca/en/online-grocery/search-page-335
OLA BAMBOO,Soft Bamboo Toothbrush,1 un,"$4.99
 ea.",,$4.99 /un.,,,https://product-images.metro.ca/images/h66/hc5/9865578676254.jpg,https://www.metro.ca/en/online-grocery/search-page-335
OLA BAMBOO,Fresh Mint Flavoured Eco-Friendly Dental Floss,1 un,"$5.99
 ea.",,$5.99 /un.,,,https://product-images.metro.ca/images/h42/h8c/9910702178334.jpg,https://www.metro.ca/en/online-grocery/search-page-335
VOX POPULI,"Berliner Weisse Style Citrus White Beer, Kettle Sour...",473 mL - can,"$4.69
 ea.",,$0.99 /100ml,,,,https://www.metro.ca/en/online-grocery/search-page-335
VOX POPULI,"Tripel-Style Beer, Anna",473 mL,"$4.69
 ea.",,$0.99 /100ml,,,,https://www.metro.ca/en/online-grocery/search-page-335
MOTHER RAW,Organic Balsamic Dressing,242 mL,"$5.99
 ea.",,$2.48 /100ml,,,https://product-images.metro.ca/images/h49/he1/11090514673694.jpg,https://www.metro.ca/en/online-grocery/search-page-335
LAGABIÈRE MICROBREWERY,"NEIPA Beer, Ta Meilleure",473 mL - can,"2 / 
$8.50",,$0.90 /100ml,"Regular price
$4.99  ea.","Valid until Feb 7, 2024",,https://www.metro.ca/en/online-grocery/search-page-335
LAGABIÈRE MICROBREWERY,"Peach And Passion Fruit Strong Imperial NEIPA Beer, ...",473 mL - can,"$5.99
 ea.",,$1.27 /100ml,,,,https://www.metro.ca/en/online-grocery/search-page-335
STEFANO FAITA,Pizza Sauce,430 mL,"$6.49
 ea.",,$1.51 /100ml,,,https://product-images.metro.ca/images/h64/h62/11198138679326.jpg,https://www.metro.ca/en/online-grocery/search-page-335
KOKOMO,Mango Flavoured Alcoholic Malt Beverage,355 mL,"$3.29
 ea.",,$0.93 /100ml,,,https://product-images.metro.ca/images/hf0/h7d/10268388425758.jpg,https://www.metro.ca/en/online-grocery/search-page-335
KIM LAM,Frozen Chicken Spring Rolls,600 g,"$25.99
 ea.",,$4.33 /100g,,,https://product-images.metro.ca/images/ha2/h9e/10322915295262.jpg,https://www.metro.ca/en/online-grocery/search-page-335
KIM LAM,Frozen Chicken Spring Rolls,300 g,"$13.99
 ea.",,$4.66 /100g,,,https://product-images.metro.ca/images/h2b/hf1/10073714032670.jpg,https://www.metro.ca/en/online-grocery/search-page-335
KIM LAM,Spring Roll Sauce,250 mL,"$6.99
 ea.",,$2.80 /100ml,,,https://product-images.metro.ca/images/hb8/hff/10323569770526.jpg,https://www.metro.ca/en/online-grocery/search-page-335
KIM LAM,Frozen Pork Spring Rolls,300 g,"$13.99
 ea.",,$4.66 /100g,,,https://product-images.metro.ca/images/h67/h75/10244475355166.jpg,https://www.metro.ca/en/online-grocery/search-page-335
LAGABIÈRE MICROBREWERY,"Pilsner Beer, Ta Pilsner",473 mL - can,"$4.49
 ea.",,$0.95 /100ml,,,,https://www.metro.ca/en/online-grocery/search-page-335
LAGABIÈRE MICROBREWERY,"Hazy Pale Ale Beer, Nice N'Hazy",473 mL - can,"2 / 
$8.50",,$0.90 /100ml,"Regular price
$4.99  ea.","Valid until Feb 7, 2024",,https://www.metro.ca/en/online-grocery/search-page-335
LAGABIÈRE MICROBREWERY,"Sour Beer, Ta Valeur Sûre",473 mL,"2 / 
$8.50",,$0.90 /100ml,"Regular price
$4.99  ea.","Valid until Feb 7, 2024",,https://www.metro.ca/en/online-grocery/search-page-335
LAGABIÈRE MICROBREWERY,"White Beer, Lagablanche",473 mL,"2 / 
$7.00",,$0.74 /100ml,"Regular price
$3.79  ea.","Valid until Feb 7, 2024",,https://www.metro.ca/en/online-grocery/search-page-336
LAGABIÈRE MICROBREWERY,Light Ale,473 mL,"2 / 
$7.00",,$0.74 /100ml,"Regular price
$3.79  ea.","Valid until Feb 7, 2024",https://product-images.metro.ca/images/h2c/hb9/10711433281566.jpg,https://www.metro.ca/en/online-grocery/search-page-336
KIM LAM,Vegetable Spring Rolls,300 g,"$13.99
 ea.",,$4.66 /100g,,,https://product-images.metro.ca/images/h8a/h7a/11709583884318.jpg,https://www.metro.ca/en/online-grocery/search-page-336
NAFSIKA'S GARDEN,Vegan Poutine Cheese Curds,200 g,"$7.99
 ea.",,$4.00 /100g,,,https://product-images.metro.ca/images/ha2/h8f/11574191489054.jpg,https://www.metro.ca/en/online-grocery/search-page-336
MCKEOWN,Pear Flavoured Sparkling Cider,473 mL,"2 / 
$7.00",,$0.74 /100ml,"Regular price
$3.79  ea.","Valid until Feb 7, 2024",https://product-images.metro.ca/images/had/h22/9647795634206.jpg,https://www.metro.ca/en/online-grocery/search-page-336
MCKEOWN,Draft Sparkling Cider,473 mL,"2 / 
$7.00",,$0.74 /100ml,"Regular price
$3.79  ea.","Valid until Feb 7, 2024",https://product-images.metro.ca/images/h4a/h38/10268361064478.jpg,https://www.metro.ca/en/online-grocery/search-page-336
MCKEOWN,Bone Dry Sparkling Cider,473 mL,"2 / 
$7.00",,$0.74 /100ml,"Regular price
$3.79  ea.","Valid until Feb 7, 2024",https://product-images.metro.ca/images/h57/h02/9536030310430.jpg,https://www.metro.ca/en/online-grocery/search-page-336
MCKEOWN,Bone Dry Crackling Carbonated Cider,4x355 mL - cans,"$12.99
 ea.",,$0.91 /100ml,,,https://product-images.metro.ca/images/h8f/h71/9286450511902.jpg,https://www.metro.ca/en/online-grocery/search-page-336
MCKEOWN,Crackling Carbonated Cider,4x355 mL,"$12.99
 ea.",,$0.91 /100ml,,,https://product-images.metro.ca/images/h31/hf5/10170675101726.jpg,https://www.metro.ca/en/online-grocery/search-page-336
,"HoneyMoon Oysters, New Brunswick",18 un,"$35.99
 ea.",,$2.00 /un.,,,,https://www.metro.ca/en/online-grocery/search-page-336
MCKEOWN,Bone Dry Ginger Crackling Carbonated Cider,4x355 mL - cans,"$12.99
 ea.",,$0.91 /100ml,,,https://product-images.metro.ca/images/hf4/h6b/9350696042526.jpg,https://www.metro.ca/en/online-grocery/search-page-336
PUR KOMBUCHA,Organic Boreal Fruits Kombucha,1 L,"$8.49
 ea.",,$0.85 /100ml,,,https://product-images.metro.ca/images/h6e/hcd/9478916866078.jpg,https://www.metro.ca/en/online-grocery/search-page-336
PUR KOMBUCHA,Organic Cranberry Kombucha,1 L,"$8.49
 ea.",,$0.85 /100ml,,,https://product-images.metro.ca/images/ha5/h28/10095419359262.jpg,https://www.metro.ca/en/online-grocery/search-page-336
PUR KOMBUCHA,Organic Cranberry Kombucha,414 mL,"$3.99
 ea.",,$0.96 /100ml,,,https://product-images.metro.ca/images/hd0/h46/9478943801374.jpg,https://www.metro.ca/en/online-grocery/search-page-336
PUR KOMBUCHA,Organic Turmeric And Ginger Kombucha,414 mL,"$3.99
 ea.",,$0.96 /100ml,,,https://product-images.metro.ca/images/he5/h61/9478901071902.jpg,https://www.metro.ca/en/online-grocery/search-page-336
PUR KOMBUCHA,Organic Boreal Fruits Kombucha,414 mL,"$3.99
 ea.",,$0.96 /100ml,,,https://product-images.metro.ca/images/he8/hee/9478905987102.jpg,https://www.metro.ca/en/online-grocery/search-page-336
PUR KOMBUCHA,Organic Strawberry And Cardamom Kombucha,414 mL,"$3.99
 ea.",,$0.96 /100ml,,,https://product-images.metro.ca/images/he8/hcf/9478948978718.jpg,https://www.metro.ca/en/online-grocery/search-page-336
PUR KOMBUCHA,Organic Ginger Kombucha,1 L,"$8.49
 ea.",,$0.85 /100ml,,,https://product-images.metro.ca/images/h67/hbe/9478928793630.jpg,https://www.metro.ca/en/online-grocery/search-page-336
CHICKUMI,Frozen Crushed Chickpeas Patties,400 g,"$7.99
 ea.",,$2.00 /100g,,,https://product-images.metro.ca/images/h04/h92/11109320261662.jpg,https://www.metro.ca/en/online-grocery/search-page-336
CHICKUMI,Frozen Hummus Sticks With Orange Sweet And Sour Sauce,270 g,"$9.29
 ea.",,$3.44 /100g,,,https://product-images.metro.ca/images/h68/h68/11109304664094.jpg,https://www.metro.ca/en/online-grocery/search-page-336
HOME FRESH CO.,Ocean Breeze Scented 3 Wick Candle,1 un,"$24.99
 ea.",,$24.99 /un.,,,https://product-images.metro.ca/images/hf0/h19/12230670942238.jpg,https://www.metro.ca/en/online-grocery/search-page-336
MCKEOWN,"Cherry Cider, Bone Dry",4x355 mL,"$12.99
 ea.",,$3.66 /100ml,,,,https://www.metro.ca/en/online-grocery/search-page-336
WONG WING,Chicken Spring Rolls,486 g,"$8.99
 ea.",,$1.85 /100g,,,https://product-images.metro.ca/images/h1d/he4/11849660727326.jpg,https://www.metro.ca/en/online-grocery/search-page-336
STARFRIT,"Dual Speed Food Processor, Pro",1 un,"$25.99
 ea.",,$25.99 /un.,,,,https://www.metro.ca/en/online-grocery/search-page-336
STARFRIT,"Fry Cutter And Cuber, Pro",1 un,"$25.99
 ea.",,$25.99 /un.,,,,https://www.metro.ca/en/online-grocery/search-page-336
STARFRIT,Gelled Fondue Fuel,500 mL,"$9.99
 ea.",,$2.00 /100ml,,,https://product-images.metro.ca/images/hbf/hbd/9669106040862.jpg,https://www.metro.ca/en/online-grocery/search-page-336
STARFRIT,Potato Chipper,1 un,"$14.99
 ea.",,$14.99 /un.,,,https://product-images.metro.ca/images/hc7/h78/9330827526174.jpg,https://www.metro.ca/en/online-grocery/search-page-336
STARFRIT,Liquid Fondue Fuel,500 mL,"$8.29
 ea.",,$1.66 /100ml,,,https://product-images.metro.ca/images/h05/hf8/10134711992350.jpg,https://www.metro.ca/en/online-grocery/search-page-336
MAP-O-SPREAD,Sugar Butter Spread,700 g,"$4.99
 ea.",,$0.71 /100g,,,https://product-images.metro.ca/images/hd6/h9e/10389284290590.jpg,https://www.metro.ca/en/online-grocery/search-page-336
STARFRIT,Measuring Spoon,1 un,"$9.99
 ea.",,$9.99 /un.,,,https://www.metro.ca/images/shared/placeholders/icon-no-picture.svg?v=2023.71.1.d1,https://www.metro.ca/en/online-grocery/search-page-336
STARFRIT,"Slotted Spatula, Gourmet Steel",1 un,"$6.69
 ea.",,$6.69 /un.,,,,https://www.metro.ca/en/online-grocery/search-page-337
STARFRIT,"Potato Masher, Gourmet Steel",1 un,"$6.69
 ea.",,$6.69 /un.,,,,https://www.metro.ca/en/online-grocery/search-page-337
STARFRIT,"Ladle, Gourmet Steel",1 un,"$6.69
 ea.",,$6.69 /un.,,,,https://www.metro.ca/en/online-grocery/search-page-337
STARFRIT,"Skimmer, Gourmet Steel",1 un,"$6.69
 ea.",,$6.69 /un.,,,,https://www.metro.ca/en/online-grocery/search-page-337
STARFRIT,"Whisk, Gourmet Steel",1 un,"$6.69
 ea.",,$6.69 /un.,,,,https://www.metro.ca/en/online-grocery/search-page-337
STARFRIT,"Silicone Brush, Gourmet Steel",1 un,"$6.69
 ea.",,$6.69 /un.,,,,https://www.metro.ca/en/online-grocery/search-page-337
STARFRIT,"Silicone Angled Spatula, Gourmet Steel",1 un,"$6.69
 ea.",,$6.69 /un.,,,,https://www.metro.ca/en/online-grocery/search-page-337
STARFRIT,"3-In-1 Silicone Spatula, Gourmet Steel",1 un,"$6.69
 ea.",,$6.69 /un.,,,,https://www.metro.ca/en/online-grocery/search-page-337
STARFRIT,Measuring Cup Set,1 un,"$9.99
 ea.",,$9.99 /un.,,,https://www.metro.ca/images/shared/placeholders/icon-no-picture.svg?v=2023.71.1.d1,https://www.metro.ca/en/online-grocery/search-page-337
STARFRIT,"Spoon, Gourmet Steel",1 un,"$6.69
 ea.",,$6.69 /un.,,,,https://www.metro.ca/en/online-grocery/search-page-337
STARFRIT,"Square Dish, The Rock",1 un,"$8.99
 ea.",,$8.99 /un.,,,,https://www.metro.ca/en/online-grocery/search-page-337
STARFRIT,"Medium Cookie Sheet, The Rock",1 un,"$10.99
 ea.",,$10.99 /un.,,,,https://www.metro.ca/en/online-grocery/search-page-337
STARFRIT,"12 Muffins Pan, The Rock",1 un,"$14.99
 ea.",,$14.99 /un.,,,,https://www.metro.ca/en/online-grocery/search-page-337
STARFRIT,Stainless Steel Handle Fondue Forks,1 un,"$9.99
 ea.",,$9.99 /un.,,,https://product-images.metro.ca/images/h0a/hc7/12259212066846.jpg,https://www.metro.ca/en/online-grocery/search-page-337
STARFRIT,3 In 1 Fondue Set,1 un,"$46.99
 ea.",,$46.99 /un.,,,https://product-images.metro.ca/images/h7e/hbd/12258969157662.jpg,https://www.metro.ca/en/online-grocery/search-page-337
STARFRIT,Cooking Basket,1 un,"$10.99
 ea.",,$10.99 /un.,,,https://product-images.metro.ca/images/h87/h6f/12258114437150.jpg,https://www.metro.ca/en/online-grocery/search-page-337
STARFRIT,Adjustable And Safe Fondue Burner,1 un,"$9.99
 ea.",,$9.99 /un.,,,https://product-images.metro.ca/images/h5b/h58/12259545612318.jpg,https://www.metro.ca/en/online-grocery/search-page-337
STARFRIT,"24cm Frying Pan, The Rock",1 un,"$26.99
 ea.",,$26.99 /un.,,,,https://www.metro.ca/en/online-grocery/search-page-337
STARFRIT,"25cm Griddle Pan, The Rock",1 un,"$29.99
 ea.",,$29.99 /un.,,,,https://www.metro.ca/en/online-grocery/search-page-337
STARFRIT,Mightican Can Opener,1 un,"$13.99
 ea.",,$13.99 /un.,,,https://product-images.metro.ca/images/h5e/hce/11670101950494.jpg,https://www.metro.ca/en/online-grocery/search-page-337
,Soup Bones With Marrow,2 bones per tray,"$6.60
 avg. ea.",(600 g avg.),$11.00 /kg$4.99 /lb.,,,https://product-images.metro.ca/images/h78/h29/9200162832414.jpg,https://www.metro.ca/en/online-grocery/search-page-337
METROGO!,Sriracha Pollock And Crab-Stuffed Avocado,,"$2.64
 avg. ea.",(150 g avg.),$17.61 /kg$7.99 /lb.,,,https://product-images.metro.ca/images/h16/hb6/10265215336478.jpg,https://www.metro.ca/en/online-grocery/search-page-337
METROGO!,"Marinated Pork Tenderloin Skewers, Value Pack",4 skewers per tray,"$25.44
 avg. ea.","(1,100 g avg.)",$23.13 /kg$10.49 /lb.,"Regular price
$24.89  avg. kg","Valid until Jan 10, 2024",,https://www.metro.ca/en/online-grocery/search-page-337
LA ROCCA,Swiss Chocolate Truffle Cake Wedge,120 g,"$3.99
 ea.",,$3.32 /100g,,,https://www.metro.ca/images/shared/placeholders/icon-no-picture.svg?v=2023.71.1.d1,https://www.metro.ca/en/online-grocery/search-page-337
IRRESISTIBLES,Raspberry Blast Cake Wedge,105 g,"$3.69
 ea.",,$3.51 /100g,,,https://product-images.metro.ca/images/hc0/h52/10265509855262.jpg,https://www.metro.ca/en/online-grocery/search-page-337
,Carrot Cake Wedge,180 g,"$3.79
 ea.",,$2.11 /100g,,,https://www.metro.ca/images/shared/placeholders/icon-no-picture.svg?v=2023.71.1.d1,https://www.metro.ca/en/online-grocery/search-page-337
IRRESISTIBLES,Black Forest Cake Slice,104 g,"$3.69
 ea.",,$3.55 /100g,,,https://www.metro.ca/images/shared/placeholders/icon-no-picture.svg?v=2023.71.1.d1,https://www.metro.ca/en/online-grocery/search-page-337
IRRESISTIBLES,Double Chocolate Mousse Cake Wedge,100 g,"$3.69
 ea.",,$3.69 /100g,,,https://product-images.metro.ca/images/h56/h26/10265162907678.jpg,https://www.metro.ca/en/online-grocery/search-page-337
MERITE,Raspberry Croissants,3x75 g,"$6.49
 ea.",,$7.64 /100g,,"Valid until Jan 17, 2024",https://product-images.metro.ca/images/hce/hf2/10294730489886.jpg,https://www.metro.ca/en/online-grocery/search-page-337
METROGO!,"Bacon-Wraped Seasoned Chicken Breast Tournedos, Valu...",6 tournedos per tray,"$28.64
 avg. ea.","(1,000 g avg.)",$28.64 /kg$12.99 /lb.,,,,https://www.metro.ca/en/online-grocery/search-page-337
,Pork Cutlets,,"$8.81
 avg. ea.",(500 g avg.),$17.61 /kg$7.99 /lb.,,,https://product-images.metro.ca/images/hda/h37/10407582007326.jpg,https://www.metro.ca/en/online-grocery/search-page-338
LAURA SECORD,Chocolate Chip Cakes,2x100 g,"2 / 
$14.00",,or $8.79 ea. $4.12 /100g,,"Valid until Jan 17, 2024",https://www.metro.ca/images/shared/placeholders/icon-no-picture.svg?v=2023.71.1.d1,https://www.metro.ca/en/online-grocery/search-page-338
LIFE SMART,"Boneless Skinless Grain-Fed Chicken Breasts, Organic",2 per tray,"$25.06
 avg. ea.",(650 g avg.),$38.56 /kg$17.49 /lb.,,,,https://www.metro.ca/en/online-grocery/search-page-338
LIFE SMART,"Boneless Grain-Fed Chicken Breasts, Naturalia",4 per tray,"$26.42
 avg. ea.","(1,200 g avg.)",$22.02 /kg$9.99 /lb.,"Regular price
$24.23  avg. kg","Valid until Jan 17, 2024",,https://www.metro.ca/en/online-grocery/search-page-338
LIFE SMART,"Grain-Fed Chicken Legs Without Back, Naturalia",2 per tray,"$7.87
 avg. ea.",(650 g avg.),$12.10 /kg$5.49 /lb.,,,,https://www.metro.ca/en/online-grocery/search-page-338
LIFE SMART,"Boneless Grain-Fed Chicken Breasts, Naturalia",2 per tray,"$10.90
 avg. ea.",(450 g avg.),$24.23 /kg$10.99 /lb.,"Regular price
$25.33  avg. kg","Valid until Jan 17, 2024",,https://www.metro.ca/en/online-grocery/search-page-338
NESTLÉ,"Milk Chocolate Bar, Crunch",100 g,"$3.49
 ea.",,$3.49 /100g,,,,https://www.metro.ca/en/online-grocery/search-page-338
NESTLÉ,"Chunky® Chocolate Bar, Kit Kat",85 g,"$2.29
 ea.",,$2.69 /100g,,,,https://www.metro.ca/en/online-grocery/search-page-338
NESTLÉ,"Coffee Crisp Minis Chocolate Bite, Coffee Crisp",180 g,"$5.79
 ea.",,$3.22 /100g,,,,https://www.metro.ca/en/online-grocery/search-page-338
NESTLÉ,"Dark Chocolate Bar, Kit Kat",4x41 g,"$5.99
 ea.",,$3.65 /100g,,,,https://www.metro.ca/en/online-grocery/search-page-338
BIOITALIA,Organic Chopped Tomatoes,796 mL,"$5.99
 ea.",,$0.75 /100ml,,,https://product-images.metro.ca/images/h90/hab/11817000992798.jpg,https://www.metro.ca/en/online-grocery/search-page-338
BIOITALIA,Organic Chick Pea Fusilli,250 g,"$5.99
 ea.",,$2.40 /100g,,,https://product-images.metro.ca/images/h02/h8b/9836561924126.jpg,https://www.metro.ca/en/online-grocery/search-page-338
MCCAFÉ,Dark Roast Espresso Whole Coffee Beans,300 g,"$10.99
 ea.",,$3.66 /100g,,,https://product-images.metro.ca/images/hff/h17/12018856558622.jpg,https://www.metro.ca/en/online-grocery/search-page-338
BIOITALIA,Organic Tomato Juice,750 mL,"$7.49
 ea.",,$1.00 /100ml,,,https://product-images.metro.ca/images/h59/h38/11883486871582.jpg,https://www.metro.ca/en/online-grocery/search-page-338
PATIENCE FRUIT & CO,"Organic Sweetened Dried Cranberries, Wild Blueberrie...",196 g,"$6.29
 ea.",,$3.21 /100g,,,,https://www.metro.ca/en/online-grocery/search-page-338
PATIENCE FRUIT & CO,Organic Sliced Dried Cranberries,283 g,"$6.29
 ea.",,$2.22 /100g,,,https://product-images.metro.ca/images/h6d/h49/9871581085726.jpg,https://www.metro.ca/en/online-grocery/search-page-338
PATIENCE FRUIT & CO,Organic Sliced Dried Cranberries With No Added Sugar,142 g,"$6.29
 ea.",,$4.43 /100g,,,https://product-images.metro.ca/images/h78/hb1/10189902446622.jpg,https://www.metro.ca/en/online-grocery/search-page-338
PATIENCE FRUIT & CO,Organic Sliced Dried Cranberries Sweetened With Appl...,227 g,"$6.29
 ea.",,$2.77 /100g,,,,https://www.metro.ca/en/online-grocery/search-page-338
PATIENCE FRUIT & CO,"Organic Cherry And Dry Cranberry, Sour Cran",60 g,"$3.29
 ea.",,$5.48 /100g,,,,https://www.metro.ca/en/online-grocery/search-page-338
PATIENCE FRUIT & CO,"Organic Peach And Dry Cranberry, Sour Cran",60 g,"$3.29
 ea.",,$5.48 /100g,,,,https://www.metro.ca/en/online-grocery/search-page-338
PATIENCE FRUIT & CO,"Organic Strawberry And Dry Cranberry, Sour Cran",60 g,"$3.29
 ea.",,$5.48 /100g,,,,https://www.metro.ca/en/online-grocery/search-page-338
BIOITALIA,Organic Pizza Sauce,358 mL,"$5.99
 ea.",,$1.67 /100ml,,,https://product-images.metro.ca/images/ha5/h9d/11817080356894.jpg,https://www.metro.ca/en/online-grocery/search-page-338
BIOITALIA,Organic Black Olives Spread Sauce,1650 mL,"$9.99
 ea.",,$6.24 /100ml,,,https://product-images.metro.ca/images/hf9/h26/10529948270622.jpg,https://www.metro.ca/en/online-grocery/search-page-338
PATIENCE FRUIT & CO,"Raspberry Flavoured Dried Cranberries, Sour Cran",60 g,"$3.29
 ea.",,$5.48 /100g,,,,https://www.metro.ca/en/online-grocery/search-page-338
PATIENCE FRUIT & CO,"Watermelon Flavoured Dried Cranberries, Sour Cran",60 g,"$3.29
 ea.",,$5.48 /100g,,,,https://www.metro.ca/en/online-grocery/search-page-338
BIOITALIA,Organic Caserecce Pasta,500 g,"$3.49
 ea.",,$0.70 /100g,,,https://product-images.metro.ca/images/h20/hd2/11133758210078.jpg,https://www.metro.ca/en/online-grocery/search-page-338
BIOITALIA,Organic Marinara Sauce,660 mL,"$7.99
 ea.",,$1.21 /100ml,,,https://product-images.metro.ca/images/h46/hb1/11883530616862.jpg,https://www.metro.ca/en/online-grocery/search-page-338
BIOITALIA,Organic Rosee Tomato Sauce,660 mL,"$7.99
 ea.",,$1.21 /100ml,,,https://product-images.metro.ca/images/h38/h9f/11883531403294.jpg,https://www.metro.ca/en/online-grocery/search-page-338
EARTH'S OWN,"Chocolate Flavoured Fortified Oat Beverage, Fair Trade",3x250 mL,"$5.79
 ea.",,$0.77 /100ml,,,,https://www.metro.ca/en/online-grocery/search-page-338
EARTH'S OWN,Original Flavour Fortified Oat Beverages,3x250 mL,"$5.79
 ea.",,$0.77 /100ml,,,https://product-images.metro.ca/images/h1b/h10/11609671761950.jpg,https://www.metro.ca/en/online-grocery/search-page-338
MEJICANO,Multigrain Flour Tortillas,400 g,"$5.49
 ea.",,$1.37 /100g,"Regular price
$5.79  ea.","Valid until Jan 17, 2024",https://product-images.metro.ca/images/h5b/h5f/11541172912158.jpg,https://www.metro.ca/en/online-grocery/search-page-339
MEJICANO,10" Pesto Flavoured Flour Tortillas,400 g,"$5.49
 ea.",,$1.37 /100g,"Regular price
$5.79  ea.","Valid until Jan 17, 2024",,https://www.metro.ca/en/online-grocery/search-page-339
MEJICANO,10" Tomato Basil Flavoured Flour Tortillas,400 g,"$5.49
 ea.",,$1.37 /100g,"Regular price
$5.79  ea.","Valid until Jan 17, 2024",,https://www.metro.ca/en/online-grocery/search-page-339
MEJICANO,10" Whole Wheat Tortillas,540 g,"$5.49
 ea.",,$1.02 /100g,,,,https://www.metro.ca/en/online-grocery/search-page-339
MEJICANO,10" Salsa Flavoured Flour Tortillas,400 g,"$5.49
 ea.",,$1.37 /100g,"Regular price
$5.79  ea.","Valid until Jan 17, 2024",,https://www.metro.ca/en/online-grocery/search-page-339
MEJICANO,7" Flour Tortillas,540 g,"$5.49
 ea.",,$1.02 /100g,,,,https://www.metro.ca/en/online-grocery/search-page-339
MEJICANO,10" Flour Tortillas With Olive Oil,400 g,"$5.49
 ea.",,$1.37 /100g,"Regular price
$5.79  ea.","Valid until Jan 17, 2024",,https://www.metro.ca/en/online-grocery/search-page-339
MEJICANO,7" Pesto Flavoured Flour Tortillas,225 g,"$3.99
 ea.",,$1.77 /100g,,,,https://www.metro.ca/en/online-grocery/search-page-339
MEJICANO,Burrito Flour Tortillas,564 g,"$6.79
 ea.",,$1.20 /100g,,,https://product-images.metro.ca/images/hb5/h44/9761310310430.jpg,https://www.metro.ca/en/online-grocery/search-page-339
MEJICANO,"4.5"" Flour Tortillas, Street Tacos",240 g,"$4.69
 ea.",,$1.95 /100g,,,,https://www.metro.ca/en/online-grocery/search-page-339
EARTH'S OWN,Vegan Oat Based Egg Nog,946 mL,"$4.29
 ea.",,$0.45 /100ml,,,https://product-images.metro.ca/images/h22/hc2/11609749291038.jpg,https://www.metro.ca/en/online-grocery/search-page-339
CLUB HOUSE,Parmesan And Garlic Seasoning,27 g,"4 / 
$5.00",,$4.63 /100g,"Regular price
$1.49  ea.","Valid until Jan 24, 2024",https://product-images.metro.ca/images/hc4/hb4/11817087729694.jpg,https://www.metro.ca/en/online-grocery/search-page-339
CLUB HOUSE,Smoked Paprika And Herb Seasoning,25 g,"4 / 
$5.00",,$5.00 /100g,"Regular price
$1.49  ea.","Valid until Jan 24, 2024",https://product-images.metro.ca/images/h67/h63/10464757841950.jpg,https://www.metro.ca/en/online-grocery/search-page-339
CLUB HOUSE,"Smoked Paprika & Onion, La Grille",171 g,"$6.49
 ea.",,$3.80 /100g,,,,https://www.metro.ca/en/online-grocery/search-page-339
CLUB HOUSE,"Cracked Pepper And Garlic With Sea Salt Seasoning, L...",171 g,"$6.49
 ea.",,$3.80 /100g,,,,https://www.metro.ca/en/online-grocery/search-page-339
CLUB HOUSE,Garlic And Crushed Herbs With Sea Salt And Pepper Se...,155 g,"$6.49
 ea.",,$4.19 /100g,,,,https://www.metro.ca/en/online-grocery/search-page-339
CLUB HOUSE,Rotisserie Chicken Seasoning,161 g,"$6.49
 ea.",,$4.03 /100g,,,https://product-images.metro.ca/images/hdf/h91/10715595603998.jpg,https://www.metro.ca/en/online-grocery/search-page-339
CLUB HOUSE,"BBQ Pulled Pork Seasoning Mix, Slow Cookers",45 g,"2 / 
$3.00",,$3.33 /100g,"Regular price
$2.29  ea.","Valid until Jan 24, 2024",,https://www.metro.ca/en/online-grocery/search-page-339
BANANA BOAT,"SPF 50+ High Endurance Sunscreen Lotion, Ultra Sport",240 mL,"$11.99
 ea.",,$5.00 /100ml,,,,https://www.metro.ca/en/online-grocery/search-page-339
DOVE,"Dry Shampoo, Volume & Fullness",142 g,"$7.79
 ea.",,$5.49 /100g,,,,https://www.metro.ca/en/online-grocery/search-page-339
DOVE,Smoothness And Shine Ritual Shampoo,355 mL,"$6.99
 ea.",,$1.97 /100ml,,,https://product-images.metro.ca/images/h93/h82/11693881262110.jpg,https://www.metro.ca/en/online-grocery/search-page-339
DOVE,Smoothness And Shine Ritual Conditioner,355 mL,"$6.99
 ea.",,$1.97 /100ml,,,https://product-images.metro.ca/images/h81/h6f/11693881294878.jpg,https://www.metro.ca/en/online-grocery/search-page-339
DOVE,Daily Moisture Hair Shampoo,532 mL,"$7.29
 ea.",,$1.37 /100ml,,,https://product-images.metro.ca/images/hd3/h11/11169399144478.jpg,https://www.metro.ca/en/online-grocery/search-page-339
DOVE,Daily Moisture Hair Conditioner,532 mL,"$7.29
 ea.",,$1.37 /100ml,,,https://product-images.metro.ca/images/hd7/h4e/11169141030942.jpg,https://www.metro.ca/en/online-grocery/search-page-339
DOVE,Intensive Repair Hair Shampoo With 50% Bonus,532 mL,"$7.29
 ea.",,$1.37 /100ml,,,https://www.metro.ca/images/shared/placeholders/icon-no-picture.svg?v=2023.71.1.d1,https://www.metro.ca/en/online-grocery/search-page-339
,Fresh Canadian Rainbow Trout Fillet,,"$8.37
 avg. ea.",(200 g avg.),$41.87 /kg$18.99 /lb.,,,https://product-images.metro.ca/images/hf0/hd5/9249643397150.jpg,https://www.metro.ca/en/online-grocery/search-page-339
,Fresh Canadian Steelhead Trout Fillet,,"$8.37
 avg. ea.",(200 g avg.),$41.87 /kg$18.99 /lb.,,,https://product-images.metro.ca/images/hcb/h73/12156429205534.jpg,https://www.metro.ca/en/online-grocery/search-page-339
,Fresh Chilean Pacific Salmon Fillet,,"$7.93
 avg. ea.",(200 g avg.),$39.66 /kg$17.99 /lb.,,,https://product-images.metro.ca/images/h88/hbb/9249800421406.jpg,https://www.metro.ca/en/online-grocery/search-page-339
METROGO!,Cut Vegetable Mix For Papillote,1 tray,"$4.99
 ea.",,$1.33 /100g,,,https://product-images.metro.ca/images/hd0/ha4/9365849178142.jpg,https://www.metro.ca/en/online-grocery/search-page-339
METROGO!,"Cut Vegetable Mix, L'Estival",1 tray,"$4.99
 ea.",,$1.25 /100g,,,,https://www.metro.ca/en/online-grocery/search-page-339
METROGO!,Skinless Trout Fillet,,"$9.25
 avg. ea.",(200 g avg.),$46.27 /kg$20.99 /lb.,,,https://product-images.metro.ca/images/h03/hfc/12216223891486.jpg,https://www.metro.ca/en/online-grocery/search-page-340
METROGO!,"Salmon, Pineapple And Onion Skewers",2 per tray,"$11.57
 avg. ea.",(375 g avg.),$30.84 /kg$13.99 /lb.,,,https://product-images.metro.ca/images/he6/h50/11259037876254.jpg,https://www.metro.ca/en/online-grocery/search-page-340
,Cowboy Rib Steak,,"$49.58
 avg. ea.","(1,000 g avg.)",$49.58 /kg$22.49 /lb.,,,https://product-images.metro.ca/images/h57/h41/11461960368158.jpg,https://www.metro.ca/en/online-grocery/search-page-340
,Powder Sugar Donuts,12x38 g,"$6.29
 ea.",,$1.38 /100g,,,https://product-images.metro.ca/images/hc0/hb9/9825118584862.jpg,https://www.metro.ca/en/online-grocery/search-page-340
,Sugar Donuts,12x38 g,"$6.29
 ea.",,$1.38 /100g,,,https://product-images.metro.ca/images/h56/h5e/11910040944670.jpg,https://www.metro.ca/en/online-grocery/search-page-340
,Plain Donuts,12x38 g,"$6.29
 ea.",,$1.38 /100g,,,https://www.metro.ca/images/shared/placeholders/icon-no-picture.svg?v=2023.71.1.d1,https://www.metro.ca/en/online-grocery/search-page-340
,Sugar And Cinnamon Donuts,12x38 g,"$6.29
 ea.",,$1.38 /100g,,,https://www.metro.ca/images/shared/placeholders/icon-no-picture.svg?v=2023.71.1.d1,https://www.metro.ca/en/online-grocery/search-page-340
METROGO!,"Gumbo Sloppy Joes, Value Pack",600 g,"$11.99
 ea.",,$2.00 /100g,,,,https://www.metro.ca/en/online-grocery/search-page-340
,Frozen Whole Cooked Northern Shrimp,,"$2.20
 / 100 g",,$22.02 /kg$9.99 /lb.,,,https://product-images.metro.ca/images/h6e/hb4/10265426821150.jpg,https://www.metro.ca/en/online-grocery/search-page-340
,BBQ Flavoured Thawed Atlantic Smoked Salmon,,"$11.84
 avg. ea.",(250 g avg.),$47.37 /kg$21.49 /lb.,,,https://product-images.metro.ca/images/hfe/hee/9385536651294.jpg,https://www.metro.ca/en/online-grocery/search-page-340
METROGO!,"Macaroni And Oka Cheese, Value Pack",,"$22.99
 avg. ea.","(1,100 g avg.)",$20.90 /kg$9.48 /lb.,,,,https://www.metro.ca/en/online-grocery/search-page-340
,Maple Flavoured Thawed Atlantic Smoked Salmon,,"$11.84
 avg. ea.",(250 g avg.),$47.37 /kg$21.49 /lb.,,,https://product-images.metro.ca/images/hf9/h87/10265290047518.jpg,https://www.metro.ca/en/online-grocery/search-page-340
BEYOND MEAT,Gluten Free Ground Imitation Meat,340 g,"$8.99
 ea.",,$2.64 /100g,"Regular price
$10.99  ea.","Valid until Jan 17, 2024",https://product-images.metro.ca/images/h82/h4a/9877867528222.jpg,https://www.metro.ca/en/online-grocery/search-page-340
,Coconut Macaroons With Chocolate Drizzle,8x15 g,"$2.99
 ea.",,$2.34 /100g,,,https://product-images.metro.ca/images/hfa/h86/10265195282462.jpg,https://www.metro.ca/en/online-grocery/search-page-340
,Chcolate Cake 1/2 Sheet,800 g,"$19.99
 ea.",,$2.50 /100g,,,https://product-images.metro.ca/images/h38/h49/10265167036446.jpg,https://www.metro.ca/en/online-grocery/search-page-340
,Cookies And Cream Flavoured Cake 1/2 Sheet,720 g,"$19.99
 ea.",,$2.78 /100g,,,https://product-images.metro.ca/images/ha0/ha9/9647965765662.jpg,https://www.metro.ca/en/online-grocery/search-page-340
,Vanilla Cake 1/2 Sheet,800 g,"$19.99
 ea.",,$2.50 /100g,,,https://product-images.metro.ca/images/h06/h34/10265205440542.jpg,https://www.metro.ca/en/online-grocery/search-page-340
METROGO!,Hard Boiled Egg And Almond Snack,170 g,"$3.99
 ea.",,$2.35 /100g,,,https://product-images.metro.ca/images/h3f/h2f/11926764290078.jpg,https://www.metro.ca/en/online-grocery/search-page-340
METROGO!,"Pepperoni, Cheddar And Cracker Snack",140 g,"$3.99
 ea.",,$2.85 /100g,,,https://product-images.metro.ca/images/he3/h85/11926766092318.jpg,https://www.metro.ca/en/online-grocery/search-page-340
METROGO!,"Kafta-Style Pork Kebabs, Value Pack",750 g,"$8.99
 ea.",,$1.20 /100g,,,,https://www.metro.ca/en/online-grocery/search-page-340
K POUR KATRINE,Gluten Free Silky Chocolate Cake Slice,175 g,"$5.79
 ea.",,$3.31 /100g,,,https://product-images.metro.ca/images/h06/h8a/9961962045470.jpg,https://www.metro.ca/en/online-grocery/search-page-340
,Porc Shoulder,,"$26.42
 avg. ea.","(2,000 g avg.)",$13.21 /kg$5.99 /lb.,"Regular price
$15.41  avg. kg","Valid until Jan 17, 2024",https://product-images.metro.ca/images/hc8/h72/11521694335006.jpg,https://www.metro.ca/en/online-grocery/search-page-340
METROGO!,Seasoned Trout Fillet,1 fillet,"$18.84
 avg. ea.",(450 g avg.),$41.87 /kg$18.99 /lb.,,,https://www.metro.ca/images/shared/placeholders/icon-no-picture.svg?v=2023.71.1.d1,https://www.metro.ca/en/online-grocery/search-page-340
SCORES,Portuguese Butterflied Chicken,,"$14.31
 avg. ea.","(1,000 g avg.)",$14.31 /kg$6.49 /lb.,,,https://product-images.metro.ca/images/h88/hf0/10882847047710.jpg,https://www.metro.ca/en/online-grocery/search-page-340
SCORES,BBQ Flavoured Butterflied Chicken,,"$14.31
 avg. ea.","(1,000 g avg.)",$14.31 /kg$6.49 /lb.,,,https://product-images.metro.ca/images/h8e/hd6/10895027961886.jpg,https://www.metro.ca/en/online-grocery/search-page-340
FONTAINE FAMILY,Gluten Free Seasoned Veal Meatballs,12 per tray,"$11.00
 avg. ea.",(454 g avg.),$24.23 /kg$10.99 /lb.,,,https://product-images.metro.ca/images/hcc/h07/11521482915870.jpg,https://www.metro.ca/en/online-grocery/search-page-340
FONTAINE FAMILY,Gluten Free Breaded Grain-Fed Veal Cutlets,2 per tray,"$7.60
 avg. ea.",(230 g avg.),$33.05 /kg$14.99 /lb.,,,https://product-images.metro.ca/images/hb0/h90/11521486651422.jpg,https://www.metro.ca/en/online-grocery/search-page-340
,"Fondue Beef Cubes, Value Pack",1 pack,"$19.82
 avg. ea.",(900 g avg.),$22.02 /kg$9.99 /lb.,"Regular price
$24.23  avg. kg","Valid until Jan 10, 2024",https://product-images.metro.ca/images/h14/h6d/10265261015070.jpg,https://www.metro.ca/en/online-grocery/search-page-340
,Previously Frozen Cooked Whole Cold Water Shrimp,,"$2.20
 / 100 g",,$22.02 /kg$9.99 /lb.,,,https://product-images.metro.ca/images/h75/h3d/10139474657310.jpg,https://www.metro.ca/en/online-grocery/search-page-340
METROGO!,Beef And Carrot Stew,,"$7.02
 avg. ea.",(271 g avg.),$25.90 /kg$11.75 /lb.,,,https://product-images.metro.ca/images/h12/hb3/11926727917598.jpg,https://www.metro.ca/en/online-grocery/search-page-340
,"Beef Strips, Value Pack",,"$19.82
 avg. ea.",(900 g avg.),$22.02 /kg$9.99 /lb.,,,https://product-images.metro.ca/images/hd9/h43/10265214681118.jpg,https://www.metro.ca/en/online-grocery/search-page-341
,Frozen Frog Legs,,"$2.42
 / 100 g",,$24.23 /kg$10.99 /lb.,,,https://product-images.metro.ca/images/hdf/h82/10547913916446.jpg,https://www.metro.ca/en/online-grocery/search-page-341
METROGO!,Marinated Beef Skewers,8 souvlaki per tray,"$20.05
 avg. ea.",(650 g avg.),$30.84 /kg$13.99 /lb.,,,https://product-images.metro.ca/images/h2e/h42/9249822670878.jpg,https://www.metro.ca/en/online-grocery/search-page-341
METROGO!,Seasoned Pork Souvlaki,8 souvlaki per tray,"$15.75
 avg. ea.",(650 g avg.),$24.23 /kg$10.99 /lb.,,,https://product-images.metro.ca/images/ha7/ha2/9249823686686.jpg,https://www.metro.ca/en/online-grocery/search-page-341
METROGO!,Marinated Chicken Skewers,8 souvlaki per tray,"$19.74
 avg. ea.",(640 g avg.),$30.84 /kg$13.99 /lb.,,,https://product-images.metro.ca/images/hd6/hda/9249843249182.jpg,https://www.metro.ca/en/online-grocery/search-page-341
METROGO!,Chiciken Tzatziki Mini Naan,220 g,"$6.99
 ea.",,$3.18 /100g,,,https://product-images.metro.ca/images/hbd/hd1/9439370706974.jpg,https://www.metro.ca/en/online-grocery/search-page-341
METROGO!,Grilled Chicken Farfalle Caesar Salad,340 g,"$9.99
 ea.",,$2.56 /100g,,,,https://www.metro.ca/en/online-grocery/search-page-341
PREMIÈRE MOISSON,Chocolate And Raspberry Flavoured Twists,4x80 g,"$6.99
 ea.",,$2.18 /100g,,,https://product-images.metro.ca/images/hd9/ha2/9733162172446.jpg,https://www.metro.ca/en/online-grocery/search-page-341
METROGO!,9" Vegetable Pizza,420 g,"$7.79
 ea.",,$1.85 /100g,,,,https://www.metro.ca/en/online-grocery/search-page-341
RICH'S,Chocolate Chip Cookies,15x31 g,"$6.29
 ea.",,$1.35 /100g,,,https://product-images.metro.ca/images/he0/h8e/9536963543070.jpg,https://www.metro.ca/en/online-grocery/search-page-341
METROGO!,Seafood-Stuffed Peppers,6 per tray,"$15.41
 avg. ea.","(1,000 g avg.)",$15.41 /kg$6.99 /lb.,,,https://www.metro.ca/images/shared/placeholders/icon-no-picture.svg?v=2023.71.1.d1,https://www.metro.ca/en/online-grocery/search-page-341
METROGO!,Pollock Salad Stuffed Mushrooms,12 per tray,"$8.24
 avg. ea.",(340 g avg.),$24.23 /kg$10.99 /lb.,,,https://www.metro.ca/images/shared/placeholders/icon-no-picture.svg?v=2023.71.1.d1,https://www.metro.ca/en/online-grocery/search-page-341
,"Chicken Au Gratin Casserole, Value Pack",,"$25.08
 avg. ea.","(1,200 g avg.)",$20.90 /kg$9.48 /lb.,,,,https://www.metro.ca/en/online-grocery/search-page-341
,"Butter Chicken With Rice, Value Pack",,"$28.68
 avg. ea.","(1,200 g avg.)",$23.90 /kg$10.84 /lb.,,,,https://www.metro.ca/en/online-grocery/search-page-341
METROGO!,Fusilli And Marinated Eggplant Salad With Curry Vina...,,"$7.56
 avg. ea.",(345 g avg.),$21.90 /kg$9.93 /lb.,,,,https://www.metro.ca/en/online-grocery/search-page-341
,Smoked Ham,,"$7.27
 avg. ea.",(300 g avg.),$24.23 /kg$10.99 /lb.,"Regular price
$26.43  avg. kg","Valid until Jan 17, 2024",https://www.metro.ca/images/shared/placeholders/icon-no-picture.svg?v=2023.71.1.d1,https://www.metro.ca/en/online-grocery/search-page-341
FONTAINE FAMILY,Lean Ground Lamb,375 g,"$9.99
 ea.",,$2.66 /100g,,,https://product-images.metro.ca/images/h23/hd1/12272776970270.jpg,https://www.metro.ca/en/online-grocery/search-page-341
FONTAINE FAMILY,Selected Varieties Lamb Shoulder,,"$13.22
 avg. ea.",(500 g avg.),$26.43 /kg$11.99 /lb.,,,https://product-images.metro.ca/images/h1b/h7a/12272379396126.jpg,https://www.metro.ca/en/online-grocery/search-page-341
,Smoked Ham,,"$18.72
 avg. ea.","(1,000 g avg.)",$18.72 /kg$8.49 /lb.,"Regular price
$19.82  avg. kg","Valid until Jan 17, 2024",https://www.metro.ca/images/shared/placeholders/icon-no-picture.svg?v=2023.71.1.d1,https://www.metro.ca/en/online-grocery/search-page-341
,Toupie Style Smoked Ham,,"$8.81
 avg. ea.",(400 g avg.),$22.02 /kg$9.99 /lb.,"Regular price
$24.23  avg. kg","Valid until Jan 17, 2024",https://www.metro.ca/images/shared/placeholders/icon-no-picture.svg?v=2023.71.1.d1,https://www.metro.ca/en/online-grocery/search-page-341
,Smoked Ham,,"$26.42
 avg. ea.","(1,500 g avg.)",$17.61 /kg$7.99 /lb.,"Regular price
$18.72  avg. kg","Valid until Jan 17, 2024",https://www.metro.ca/images/shared/placeholders/icon-no-picture.svg?v=2023.71.1.d1,https://www.metro.ca/en/online-grocery/search-page-341
,Toupie Style Smoked Center Cut Ham,,"$11.89
 avg. ea.",(600 g avg.),$19.82 /kg$8.99 /lb.,"Regular price
$22.02  avg. kg","Valid until Jan 17, 2024",https://www.metro.ca/images/shared/placeholders/icon-no-picture.svg?v=2023.71.1.d1,https://www.metro.ca/en/online-grocery/search-page-341
PLATINUM,AAA Platinum Angus Striploin Roast,,"$43.63
 avg. ea.",(900 g avg.),$48.48 /kg$21.99 /lb.,,,https://product-images.metro.ca/images/h58/h46/12354613182494.jpg,https://www.metro.ca/en/online-grocery/search-page-341
,"Center-Cut Pork Loin Chops, Value Pack",5 chops per tray,"$15.26
 avg. ea.","(1,100 g avg.)",$13.87 /kg$6.29 /lb.,,,https://product-images.metro.ca/images/h5d/h4a/11521190395934.jpg,https://www.metro.ca/en/online-grocery/search-page-341
,Pork Chops Trio,6 chops per tray,"$21.69
 avg. ea.","(1,700 g avg.)",$12.76 /kg$5.79 /lb.,,,https://product-images.metro.ca/images/h5f/hc6/9249709424670.jpg,https://www.metro.ca/en/online-grocery/search-page-341
METROGO!,Breaded Chicken Legs With Back,2 legs per tray,"$5.61
 avg. ea.",(500 g avg.),$11.22 /kg$5.09 /lb.,,,https://product-images.metro.ca/images/h67/h9e/11930970390558.jpg,https://www.metro.ca/en/online-grocery/search-page-341
METROGO!,Pork Tenderloin Stuffed With Bruschetta And Feta Cheese,,"$7.92
 avg. ea.",(450 g avg.),$17.61 /kg$7.99 /lb.,"Regular price
$22.02  avg. kg","Valid until Jan 10, 2024",https://product-images.metro.ca/images/h77/h25/9249680359454.jpg,https://www.metro.ca/en/online-grocery/search-page-341
METROGO!,Seasoned Turbot Fillet,,"$8.81
 avg. ea.",(200 g avg.),$44.07 /kg$19.99 /lb.,,,https://product-images.metro.ca/images/hfd/h97/11962882195486.jpg,https://www.metro.ca/en/online-grocery/search-page-341
METROGO!,Seasoned Tilapia Fillet,,"$6.61
 avg. ea.",(200 g avg.),$33.05 /kg$14.99 /lb.,,,https://product-images.metro.ca/images/hd7/h77/12216215339038.jpg,https://www.metro.ca/en/online-grocery/search-page-342
METROGO!,Marinated Atlantic Sole Fillet,,"$7.49
 avg. ea.",(200 g avg.),$37.46 /kg$16.99 /lb.,,,https://product-images.metro.ca/images/h36/hf1/11962882293790.jpg,https://www.metro.ca/en/online-grocery/search-page-342
METROGO!,Marinated Trout Fillet,,"$8.81
 avg. ea.",(200 g avg.),$44.07 /kg$19.99 /lb.,,,https://product-images.metro.ca/images/h4f/h49/12216205901854.jpg,https://www.metro.ca/en/online-grocery/search-page-342
METROGO!,Seasoned Haddock Fillet,,"$13.22
 avg. ea.",(300 g avg.),$44.07 /kg$19.99 /lb.,,,https://product-images.metro.ca/images/h94/h43/9249644085278.jpg,https://www.metro.ca/en/online-grocery/search-page-342
METROGO!,Seasoned Cod Fillet,,"$8.81
 avg. ea.",(200 g avg.),$44.07 /kg$19.99 /lb.,,,https://product-images.metro.ca/images/he6/h7f/9249765163038.jpg,https://www.metro.ca/en/online-grocery/search-page-342
QUINTESSENCE,Black Lumpfish Caviar,50 g,"$5.99
 ea.",,$11.98 /100g,"Regular price
$6.49  ea.","Valid until Jan 17, 2024",https://product-images.metro.ca/images/h6f/h5e/10073916899358.jpg,https://www.metro.ca/en/online-grocery/search-page-342
BRASSERIE MALTCO,"Weizen-Style White Beer, Tannante",473 mL - can,"$3.39
 ea.",,$0.72 /100ml,,,,https://www.metro.ca/en/online-grocery/search-page-342
BRASSERIE MALTCO,"Steam Beer Lager, Sacripante",473 mL - can,"$3.39
 ea.",,$0.72 /100ml,,,,https://www.metro.ca/en/online-grocery/search-page-342
BRASSERIE MALTCO,"Strong NEIPA Beer, Fraichier",473 mL - can,"$3.99
 ea.",,$0.84 /100ml,,,,https://www.metro.ca/en/online-grocery/search-page-342
BRASSERIE MALTCO,"Irish-Style Creamy Red Ale Beer, Achalante",473 mL - can,"$3.39
 ea.",,$0.72 /100ml,,,,https://www.metro.ca/en/online-grocery/search-page-342
BRASSERIE MALTCO,"Weissbier-Style White Beer, La Mautadinne",473 mL - can,"$3.39
 ea.",,$0.72 /100ml,,,,https://www.metro.ca/en/online-grocery/search-page-342
LES GLUTINERIES,Gluten Free BBQ Sauce Mix,300 g,"$10.99
 ea.",,$3.66 /100g,,,https://product-images.metro.ca/images/h34/hff/11761642176542.jpg,https://www.metro.ca/en/online-grocery/search-page-342
LES GLUTINERIES,Gluten Free Poutine Sauce Mix,300 g,"$9.99
 ea.",,$3.33 /100g,,,https://product-images.metro.ca/images/haf/h1c/11761643749406.jpg,https://www.metro.ca/en/online-grocery/search-page-342
BRASSERIE MALTCO,"Sweet Stout Beer, Torrieuse",473 mL - can,"$3.39
 ea.",,$0.72 /100ml,,,,https://www.metro.ca/en/online-grocery/search-page-342
BRASSERIE MALTCO,"Strong Imperial NEIPA Beer, Fraîchier 2.0",473 mL,"$4.79
 ea.",,$1.01 /100ml,,,,https://www.metro.ca/en/online-grocery/search-page-342
BRASSERIE MALTCO,"Scotch Ale Beer, Ratoureuse",473 mL - can,"$3.99
 ea.",,$0.84 /100ml,,,,https://www.metro.ca/en/online-grocery/search-page-342
PETE AUTHENTIQUE,Strong NEIPA Beer,473 mL,"$4.99
 ea.",,$1.05 /100ml,,,https://product-images.metro.ca/images/hed/hb6/11449700941854.jpg,https://www.metro.ca/en/online-grocery/search-page-342
PETE AUTHENTIQUE,"Blonde Ale Beer, La Blonde À Pete",473 mL,"$4.99
 ea.",,$1.05 /100ml,,,,https://www.metro.ca/en/online-grocery/search-page-342
PAT BBQ,Devil'S Raclette Fondue Sauce,240 mL,"$4.99
 ea.",,$2.08 /100ml,"Regular price
$5.99  ea.","Valid until Jan 24, 2024",https://product-images.metro.ca/images/h00/hdd/10984515108894.jpg,https://www.metro.ca/en/online-grocery/search-page-342
PAT BBQ,Korean BBQ Raclette And Fondue Sauce,240 mL,"$4.99
 ea.",,$2.08 /100ml,"Regular price
$5.99  ea.","Valid until Jan 24, 2024",https://product-images.metro.ca/images/h08/h40/10984522416158.jpg,https://www.metro.ca/en/online-grocery/search-page-342
PAT BBQ,Mustard Raclette And Fondue Sauce,240 mL,"$4.99
 ea.",,$2.08 /100ml,"Regular price
$5.99  ea.","Valid until Jan 24, 2024",https://product-images.metro.ca/images/h6e/h96/10984515043358.jpg,https://www.metro.ca/en/online-grocery/search-page-342
PETE AUTHENTIQUE,"Red Beer, La Rouquine",473 mL,"$4.99
 ea.",,$1.05 /100ml,,,,https://www.metro.ca/en/online-grocery/search-page-342
METROGO!,Bacon Wrapped Chicken Breast Tournedos,2 tournedos per tray,"$14.49
 avg. ea.",(470 g avg.),$30.84 /kg$13.99 /lb.,,,https://product-images.metro.ca/images/h0a/h0d/9249689960478.jpg,https://www.metro.ca/en/online-grocery/search-page-342
METROGO!,Seasoned Boneless Sirloin End Pork Loin Roast,,"$11.45
 avg. ea.",(800 g avg.),$14.31 /kg$6.49 /lb.,,,https://product-images.metro.ca/images/h9c/h0e/11931040743454.jpg,https://www.metro.ca/en/online-grocery/search-page-342
METROGO!,Breaded Chicken Thighs With Back,2 thighs per tray,"$5.61
 avg. ea.",(500 g avg.),$11.22 /kg$5.09 /lb.,,,https://product-images.metro.ca/images/h7f/h6e/9249691795486.jpg,https://www.metro.ca/en/online-grocery/search-page-342
,Fresh Whole Rainbow Trout,,"$14.32
 avg. ea.",(500 g avg.),$28.64 /kg$12.99 /lb.,,,https://product-images.metro.ca/images/h5e/h16/9249641725982.jpg,https://www.metro.ca/en/online-grocery/search-page-342
HERBAL ESSENCES,"Coconut Scented Deep Moisture Conditioner, Hello Hyd...",346 mL,"$4.99
 ea.",,$1.44 /100ml,,,,https://www.metro.ca/en/online-grocery/search-page-342
HERBAL ESSENCES,"Hello Hydration Shampoo And Body Wash, Hello Hydration",346 mL,"$4.99
 ea.",,$1.44 /100ml,,,,https://www.metro.ca/en/online-grocery/search-page-342
HERBAL ESSENCES,"Color Me Happy Conditioner, Colour Me Happy",346 mL,"$4.99
 ea.",,$1.44 /100ml,,,,https://www.metro.ca/en/online-grocery/search-page-342
HERBAL ESSENCES,"Volumizing Shampoo And Body Wash, Body Envy",346 mL,"$4.99
 ea.",,$1.44 /100ml,,,,https://www.metro.ca/en/online-grocery/search-page-342
HERBAL ESSENCES,"Shampoo And Body Wash For Coloured Hair, Colour Me H...",346 mL,"$4.99
 ea.",,$1.44 /100ml,,,,https://www.metro.ca/en/online-grocery/search-page-343
HERBAL ESSENCES,"Body Envy Conditioner, Body Envy",346 mL,"$4.99
 ea.",,$1.44 /100ml,,,,https://www.metro.ca/en/online-grocery/search-page-343
CRISCO,All-Vegetable Shortening Sticks,567 g,"$6.29
 ea.",,$1.11 /100g,,,https://product-images.metro.ca/images/h8d/h47/10946618720286.jpg,https://www.metro.ca/en/online-grocery/search-page-343
,Pepper Beef Tournedos,2 tournedos per tray,"$9.40
 avg. ea.",(350 g avg.),$26.87 /kg$12.19 /lb.,,,https://product-images.metro.ca/images/hb0/h02/9249744125982.jpg,https://www.metro.ca/en/online-grocery/search-page-343
PANTENE PRO-V,Sulfate Free Conditioner With Biotin For Coloured Ha...,237 mL,"$9.99
 ea.",,$4.22 /100ml,,,,https://www.metro.ca/en/online-grocery/search-page-343
NATREL,10% Organic Half And Half Cream,473 mL,"$3.49
 ea.",,$0.74 /100ml,"Regular price
$5.49  ea.","Valid until Feb 14, 2024",https://product-images.metro.ca/images/hde/h85/9523773603870.jpg,https://www.metro.ca/en/online-grocery/search-page-343
NATREL,Raspberry Flavoured Ice Cream Mochi,6x35 mL,"$6.79
 ea.",,$3.23 /100ml,,,https://product-images.metro.ca/images/hf7/h53/10454130065438.jpg,https://www.metro.ca/en/online-grocery/search-page-343
LILY&JAX,Chicken And Sardine Cat Food,85 g,"3 / 
$5.00",,$1.96 /100g,"Regular price
$1.99  ea.","Valid until Jan 24, 2024",https://product-images.metro.ca/images/h78/hd0/11760084647966.jpg,https://www.metro.ca/en/online-grocery/search-page-343
LILY&JAX,Mackerel And Sardine Cat Food,85 g,"3 / 
$5.00",,$1.96 /100g,"Regular price
$1.99  ea.","Valid until Jan 24, 2024",https://product-images.metro.ca/images/h99/ha1/11760081109022.jpg,https://www.metro.ca/en/online-grocery/search-page-343
LILY&JAX,Chicken With Apple Cat Food,85 g,"3 / 
$5.00",,$1.96 /100g,"Regular price
$1.99  ea.","Valid until Jan 24, 2024",https://product-images.metro.ca/images/h76/h41/11760092184606.jpg,https://www.metro.ca/en/online-grocery/search-page-343
CLUB HOUSE,"Mediterranean Garlic And Basil Marinade, La Grille",350 mL,"$3.99
 ea.",,$1.14 /100ml,,,,https://www.metro.ca/en/online-grocery/search-page-343
CLUB HOUSE,"Montreal Steak Spice Marinade, La Grille",350 mL,"$3.99
 ea.",,$1.14 /100ml,,,,https://www.metro.ca/en/online-grocery/search-page-343
CLUB HOUSE,"Sweet Pulled Chicken Seasoning Mix, Slow Cookers",42 g,"2 / 
$3.00",,$3.57 /100g,"Regular price
$2.29  ea.","Valid until Jan 24, 2024",,https://www.metro.ca/en/online-grocery/search-page-343
BUTTERBALL,Gluten Free Boneless Seasoned Turkey Breast Raised W...,1.2 kg,"$33.99
 ea.",,$2.83 /100g,"Regular price
$34.99  ea.","Valid until Jan 17, 2024",,https://www.metro.ca/en/online-grocery/search-page-343
MAPLE LEAF,100% Natural Hardwood Lump Charcoal,8 kg,"$24.99
 ea.",,$0.31 /100g,,,https://product-images.metro.ca/images/h45/hbe/11511750164510.jpg,https://www.metro.ca/en/online-grocery/search-page-343
MOTT'S,"Basil And Cucumber Flavoured Tomato Clam Cocktail, R...",1 L,"$4.79
 ea.",,$0.48 /100ml,"Regular price
$6.99  ea.","Valid until Jan 24, 2024",,https://www.metro.ca/en/online-grocery/search-page-343
MOTT'S,"Original Vegetable Cocktail, Garden Cocktail",6x213 mL,"$4.79
 ea.",,$0.37 /100ml,,,,https://www.metro.ca/en/online-grocery/search-page-343
MOTT'S,"Low Sodium Vegetable Cocktail, Garden Cocktail",6x213 mL,"$4.79
 ea.",,$0.37 /100ml,,,,https://www.metro.ca/en/online-grocery/search-page-343
MOTT'S,"The Original Tomato Clam Cocktail, Clamato",6x213 mL,"$7.79
 ea.",,$0.61 /100ml,,,,https://www.metro.ca/en/online-grocery/search-page-343
CLUB HOUSE,"Honey And Dijon Marinade, La Grille",350 mL,"$3.99
 ea.",,$1.14 /100ml,,,,https://www.metro.ca/en/online-grocery/search-page-343
CLUB HOUSE,"Teriyaki Marinade, La Grille",350 mL,"$3.99
 ea.",,$1.14 /100ml,,,,https://www.metro.ca/en/online-grocery/search-page-343
LES ALIMENTS MER ET MONDE,White Sausage,300 g,"$7.99
 ea.",,$2.66 /100g,,,https://product-images.metro.ca/images/h0c/hc0/10073461555230.jpg,https://www.metro.ca/en/online-grocery/search-page-343
VILAINS BRASSEURS,"White Beer, Blanche Pilon",473 mL - can,"2 / 
$8.99",,$0.95 /100ml,"Regular price
$4.99  ea.","Valid until Feb 7, 2024",,https://www.metro.ca/en/online-grocery/search-page-343
VILAINS BRASSEURS,"Imperial IPA Beer, Parasol",473 mL - can,"2 / 
$8.99",,$0.95 /100ml,"Regular price
$5.29  ea.","Valid until Feb 7, 2024",,https://www.metro.ca/en/online-grocery/search-page-343
VILAINS BRASSEURS,Strong West Coast IPA Beer,473 mL - can,"2 / 
$8.99",,$0.95 /100ml,"Regular price
$5.29  ea.","Valid until Feb 7, 2024",https://product-images.metro.ca/images/h81/hd2/10080739655710.jpg,https://www.metro.ca/en/online-grocery/search-page-343
VILAINS BRASSEURS,"IPA Beer, Project Tropical",473 mL - can,"2 / 
$8.99",,$0.95 /100ml,"Regular price
$5.29  ea.","Valid until Feb 7, 2024",,https://www.metro.ca/en/online-grocery/search-page-343
VILAINS BRASSEURS,"Session IPA Beer, Fleur",473 mL - can,"2 / 
$8.99",,$0.95 /100ml,"Regular price
$4.99  ea.","Valid until Feb 7, 2024",,https://www.metro.ca/en/online-grocery/search-page-343
VILAINS BRASSEURS,"West Coast IPA Beer, Forêt",473 mL - can,"2 / 
$8.99",,$0.95 /100ml,"Regular price
$5.29  ea.","Valid until Feb 7, 2024",,https://www.metro.ca/en/online-grocery/search-page-343
PAT BBQ,Mustard BBQ Sauce,350 mL,"$7.99
 ea.",,$2.28 /100ml,"Regular price
$8.99  ea.","Valid until Jan 24, 2024",https://product-images.metro.ca/images/hff/h11/9658261962782.jpg,https://www.metro.ca/en/online-grocery/search-page-343
PAT BBQ,Original Bbq Sauce,350 mL,"$7.99
 ea.",,$2.28 /100ml,"Regular price
$8.99  ea.","Valid until Jan 24, 2024",https://product-images.metro.ca/images/hd9/h89/10472007958558.jpg,https://www.metro.ca/en/online-grocery/search-page-343
LA POCHE BLEUE,Bbq Sauce,350 mL,"$7.99
 ea.",,$2.28 /100ml,"Regular price
$8.99  ea.","Valid until Jan 24, 2024",https://product-images.metro.ca/images/h7c/h64/10455971364894.jpg,https://www.metro.ca/en/online-grocery/search-page-344
MONTREAL 697,Stew-Ready Pork Meatballs,350 g,"$8.49
 ea.",,$2.43 /100g,"Regular price
$8.99  ea.","Valid until Jan 17, 2024",https://product-images.metro.ca/images/h2e/h11/12066613395486.jpg,https://www.metro.ca/en/online-grocery/search-page-344
MONTREAL 697,Italian Pork Meatballs,350 g,"$8.49
 ea.",,$2.43 /100g,"Regular price
$8.99  ea.","Valid until Jan 17, 2024",https://product-images.metro.ca/images/hd8/h2a/12066615099422.jpg,https://www.metro.ca/en/online-grocery/search-page-344
MONTREAL 697,Smoked Meat Flavoured Pork Meatballs,350 g,"$8.49
 ea.",,$2.43 /100g,"Regular price
$8.99  ea.","Valid until Jan 17, 2024",https://product-images.metro.ca/images/h38/h51/12066615164958.jpg,https://www.metro.ca/en/online-grocery/search-page-344
ALCHIMISTE MICROBRASSERIE,IPA Beer,473 mL,"2 / 
$6.00",,$0.63 /100ml,"Regular price
$3.29  ea.","Valid until Feb 7, 2024",https://product-images.metro.ca/images/haf/h1a/11457603043358.jpg,https://www.metro.ca/en/online-grocery/search-page-344
ALCHIMISTE MICROBRASSERIE,"German-Style Golden Beer, Bock De Joliette",473 mL,"2 / 
$6.00",,$0.63 /100ml,"Regular price
$3.29  ea.","Valid until Feb 7, 2024",,https://www.metro.ca/en/online-grocery/search-page-344
ALCHIMISTE MICROBRASSERIE,Pale Ale Beer,473 mL,"2 / 
$6.00",,$0.63 /100ml,"Regular price
$3.29  ea.","Valid until Feb 7, 2024",https://product-images.metro.ca/images/hcb/heb/11457734508574.jpg,https://www.metro.ca/en/online-grocery/search-page-344
ALCHIMISTE MICROBRASSERIE,"Amber Beer, Rousse",473 mL,"2 / 
$6.00",,$0.63 /100ml,"Regular price
$3.29  ea.","Valid until Feb 7, 2024",,https://www.metro.ca/en/online-grocery/search-page-344
ALCHIMISTE MICROBRASSERIE,"Scotch Ale Inspired Beer, Écossaise",473 mL,"2 / 
$6.00",,$0.63 /100ml,"Regular price
$3.29  ea.","Valid until Feb 7, 2024",,https://www.metro.ca/en/online-grocery/search-page-344
ALCHIMISTE MICROBRASSERIE,Blonde Pilsner Beer,473 mL,"2 / 
$6.00",,$0.63 /100ml,"Regular price
$3.29  ea.","Valid until Feb 7, 2024",https://product-images.metro.ca/images/hf6/h1a/11457529774110.jpg,https://www.metro.ca/en/online-grocery/search-page-344
TOM'S OF MAINE,"Cool Mint Flavoured Mouthwash, Wicked Fresh",473 mL,"$7.99
 ea.",,$1.69 /100ml,,,,https://www.metro.ca/en/online-grocery/search-page-344
STASH,Moroccan Mint Green Tea Herbal Tea,20 un,"$6.49
 ea.",,$0.32 /un.,,,https://product-images.metro.ca/images/he4/h53/12084026081310.jpg,https://www.metro.ca/en/online-grocery/search-page-344
STASH,Caffeine-Free Meyer Lemon Herbal Tea,20 un,"$6.49
 ea.",,$0.32 /un.,,,https://product-images.metro.ca/images/h1a/h70/12084027818014.jpg,https://www.metro.ca/en/online-grocery/search-page-344
STASH,Earl Grey Black Tea,38 g,"$6.49
 ea.",,$17.08 /100g,,,https://product-images.metro.ca/images/hcb/h82/10541923926046.jpg,https://www.metro.ca/en/online-grocery/search-page-344
STASH,Decaf Chai Spice Black Tea,38 g,"$6.49
 ea.",,$17.08 /100g,,,https://product-images.metro.ca/images/had/h59/12084026933278.jpg,https://www.metro.ca/en/online-grocery/search-page-344
,Canadian Lamb Chops,3 chops per tray,"$19.28
 avg. ea.",(350 g avg.),$55.09 /kg$24.99 /lb.,,,https://product-images.metro.ca/images/he1/h4b/9249693204510.jpg,https://www.metro.ca/en/online-grocery/search-page-344
METROGO!,Mustard Atlantic Salmon Fillet,,"$11.57
 avg. ea.",(250 g avg.),$46.27 /kg$20.99 /lb.,,,https://product-images.metro.ca/images/h8c/h83/12216213504030.jpg,https://www.metro.ca/en/online-grocery/search-page-344
METROGO!,Vegetable Papillote With Greek Seasoning,1 tray,"$5.99
 ea.",,$1.60 /100g,,,https://product-images.metro.ca/images/h8a/h68/9365854191646.jpg,https://www.metro.ca/en/online-grocery/search-page-344
METROGO!,Mustard Trout Fillet,,"$13.22
 avg. ea.",(200 g avg.),$44.07 /kg$19.99 /lb.,,,https://product-images.metro.ca/images/h0f/h78/12216220385310.jpg,https://www.metro.ca/en/online-grocery/search-page-344
METROGO!,"Cut Vegetable Mix With Classic Seasoning, L'Estival",1 tray,"$5.99
 ea.",,$1.41 /100g,,,,https://www.metro.ca/en/online-grocery/search-page-344
METROGO!,Marinated Salmon Skewer,2 skewers,"$6.30
 avg. ea.",(130 g avg.),$48.48 /kg$21.99 /lb.,,,https://product-images.metro.ca/images/h88/heb/11351657938974.jpg,https://www.metro.ca/en/online-grocery/search-page-344
METROGO!,Italian Sausage Stuffed Mushrooms,6 mushrooms per tray,"$4.62
 avg. ea.",(300 g avg.),$15.41 /kg$6.99 /lb.,,,https://product-images.metro.ca/images/h08/h96/9249720533022.jpg,https://www.metro.ca/en/online-grocery/search-page-344
METROGO!,Italian-Style Stuffed Peppers,2 rouelles per tray,"$6.16
 avg. ea.",(400 g avg.),$15.41 /kg$6.99 /lb.,,,https://product-images.metro.ca/images/h1d/he1/9249698086942.jpg,https://www.metro.ca/en/online-grocery/search-page-344
METROGO!,Portuguese Sausages,3 sausages per tray,"$6.43
 avg. ea.",(400 g avg.),$16.07 /kg$7.29 /lb.,,,https://product-images.metro.ca/images/hde/h4c/9249684062238.jpg,https://www.metro.ca/en/online-grocery/search-page-344
METROGO!,Kafta-Style Beef Skewers,1 un,"$2.79
 ea.",,$2.23 /100g,,,https://product-images.metro.ca/images/h96/h84/9249711849502.jpg,https://www.metro.ca/en/online-grocery/search-page-344
METROGO!,Kafta-Style Pork Kebab,1 un,"$1.79
 ea.",,$1.43 /100g,,,https://product-images.metro.ca/images/h5f/h94/9249713684510.jpg,https://www.metro.ca/en/online-grocery/search-page-344
TWININGS,Earl Grey Tea,100 g,"$7.99
 ea.",,$7.99 /100g,,,https://product-images.metro.ca/images/hb8/hca/11754236248094.jpg,https://www.metro.ca/en/online-grocery/search-page-344
TWININGS,Gunpowder Green Tea,100 g,"$7.99
 ea.",,$7.99 /100g,,,https://product-images.metro.ca/images/h91/h07/11754236215326.jpg,https://www.metro.ca/en/online-grocery/search-page-344
MARZETTI,Classic Caramel Dip,227 g,"$4.49
 ea.",,$1.98 /100g,,,https://product-images.metro.ca/images/h69/he4/9559736090654.jpg,https://www.metro.ca/en/online-grocery/search-page-344
TWININGS,Watermelon And Mint Flavoured Cold Brew,30 g,"$6.99
 ea.",,$23.30 /100g,,,https://product-images.metro.ca/images/h8b/h8f/10020809277470.jpg,https://www.metro.ca/en/online-grocery/search-page-344
MARZETTI,Original Chocolate Dip,250 g,"$3.99
 ea.",,$1.60 /100g,"Regular price
$4.99  ea.","Valid until Jan 17, 2024",https://product-images.metro.ca/images/hc0/h03/10123929813022.jpg,https://www.metro.ca/en/online-grocery/search-page-345
MARZETTI,Chocolate Dip,100 g,"$2.49
 ea.",,$2.49 /100g,,,https://product-images.metro.ca/images/h9f/hf6/10123933548574.jpg,https://www.metro.ca/en/online-grocery/search-page-345
TWININGS,English Breakfast Tea Bag,100 un,"$16.99
 ea.",,$0.17 /un.,,,https://product-images.metro.ca/images/h1b/h3b/10936581554206.jpg,https://www.metro.ca/en/online-grocery/search-page-345
BIC,Men Triple Blade Disposable Razors For Sensitive Skin,8 un,"$7.79
 ea.",,$0.97 /un.,,,https://product-images.metro.ca/images/h58/h9d/10239223529502.jpg,https://www.metro.ca/en/online-grocery/search-page-345
WILTON,Cake Decorating Tip For Borders,1 un,"$5.99
 ea.",,$5.99 /un.,,,https://product-images.metro.ca/images/h65/h4c/11333080416286.jpg,https://www.metro.ca/en/online-grocery/search-page-345
WILTON,Non-Stick Brownie Pan With Lid,1 un,"$13.99
 ea.",,$13.99 /un.,,,https://product-images.metro.ca/images/hac/h0e/10674120753182.jpg,https://www.metro.ca/en/online-grocery/search-page-345
WILTON,Holed Crisper Pan For Pizza,1 un,"$13.99
 ea.",,$13.99 /un.,,,https://product-images.metro.ca/images/h47/hd6/10323139919902.jpg,https://www.metro.ca/en/online-grocery/search-page-345
OLAY,"Fragrance Free Micro-Sculpting Face Cream, Regenerist",50 mL,"$35.99
 ea.",,$71.98 /100ml,,,,https://www.metro.ca/en/online-grocery/search-page-345
OLAY,"Unscented Night Moisturizer, Regenerist",50 mL,"$37.99
 ea.",,$79.15 /100g,,,,https://www.metro.ca/en/online-grocery/search-page-345
ANGOSTURA,Cocoa Bitter Drink Mix,100 mL,"$14.49
 ea.",,$14.49 /100ml,,,https://product-images.metro.ca/images/hb3/h7d/10135054057502.jpg,https://www.metro.ca/en/online-grocery/search-page-345
L'ORÉAL,"Keratin And Cocoa Butter Straightening Shampoo, Drea...",385 mL,"$6.99
 ea.",,$1.82 /100ml,,,,https://www.metro.ca/en/online-grocery/search-page-345
L'ORÉAL,"Keratin And Cocoa Butter Stretching Conditioner, Dre...",385 mL,"$6.99
 ea.",,$1.82 /100ml,,,,https://www.metro.ca/en/online-grocery/search-page-345
L'ORÉAL,Total Repair 5® Leave-In Replenishing Detangling Car...,250 mL,"$8.99
 ea.",,$3.60 /100ml,,,,https://www.metro.ca/en/online-grocery/search-page-345
L'ORÉAL,"55+ Collagen Anti-Wrinkle Face Cream, Wrinkle Expert",50 mL,"$17.99
 ea.",,$35.98 /100ml,,,,https://www.metro.ca/en/online-grocery/search-page-345
L'ORÉAL,"Total Repair 5 Shampoo For Damaged Hair, Hair Expertise",591 mL,"$9.99
 ea.",,$1.69 /100ml,,,,https://www.metro.ca/en/online-grocery/search-page-345
L'ORÉAL,"Sculpting Style Paste For Men, Men Expert",110 g,"$7.80
 ea.",,$7.09 /100g,,,,https://www.metro.ca/en/online-grocery/search-page-345
L'ORÉAL,"SPF 25 Day Face Cream, Revitalift",50 mL,"$27.99
 ea.",,$55.98 /100ml,,,,https://www.metro.ca/en/online-grocery/search-page-345
DOLE,Pepper Ranch Salad Kit,257 g,"$5.99
 ea.",,$2.33 /100g,,,https://product-images.metro.ca/images/h68/h61/11511753441310.jpg,https://www.metro.ca/en/online-grocery/search-page-345
TAMPAX,Unscented Super Plus Absorbency Tampons With Plastic...,36 un,"$10.99
 ea.",,$0.31 /un.,,,,https://www.metro.ca/en/online-grocery/search-page-345
HEINEKEN,"Non-Alcoholic Dutch Lager Beer, 0.0",12x250 mL - bottles,"$17.99
 ea.",,$0.60 /100ml,"Regular price
$21.99  ea.","Valid until Feb 7, 2024",,https://www.metro.ca/en/online-grocery/search-page-345
HEINEKEN,Dutch Lager Beer,6x330 mL - cans,"$13.49
 ea.",,$0.68 /100ml,"Regular price
$15.49  ea.","Valid until Feb 7, 2024",https://product-images.metro.ca/images/hb5/h59/11152720822302.jpg,https://www.metro.ca/en/online-grocery/search-page-345
WERTHER'S ORIGINAL,Soft Éclair Caramel Candies,116 g,"$2.99
 ea.",,$2.58 /100g,"Regular price
$3.79  ea.","Valid until Jan 24, 2024",,https://www.metro.ca/en/online-grocery/search-page-345
BAR HARBOR,Seasoned Wild Herring Fillet,190 g,"$7.29
 ea.",,$3.84 /100g,,,https://product-images.metro.ca/images/hae/h68/9528060477470.jpg,https://www.metro.ca/en/online-grocery/search-page-345
MONSTER,Ultra Paradise Energy Drink Pack,4x473 mL,"$9.79
 ea.",,$0.52 /100ml,"Regular price
$12.99  ea.","Valid until Jan 24, 2024",https://product-images.metro.ca/images/hb1/h05/10496020348958.jpg,https://www.metro.ca/en/online-grocery/search-page-345
MONSTER,Original Energy Drink,8x355 mL,"$16.99
 ea.",,$0.60 /100ml,"Regular price
$18.99  ea.","Valid until Jan 24, 2024",https://product-images.metro.ca/images/h6d/h2f/10454929932318.jpg,https://www.metro.ca/en/online-grocery/search-page-345
MONSTER,Zero Ultra Energy Drink,8x355 mL,"$16.99
 ea.",,$0.60 /100ml,"Regular price
$18.99  ea.","Valid until Jan 24, 2024",https://product-images.metro.ca/images/h61/h5a/10455192240158.jpg,https://www.metro.ca/en/online-grocery/search-page-345
,Sumo Mandarin,,"$2.62
 avg. ea.",(170 g avg.),$15.41 /kg$6.99 /lb.,,,https://product-images.metro.ca/images/h59/hae/10777132007454.jpg,https://www.metro.ca/en/online-grocery/search-page-345
L'ORÉAL,"Extra Strong Hold Malleable Paste, Studio Line",150 mL,"$9.29
 ea.",,$6.19 /100ml,,,,https://www.metro.ca/en/online-grocery/search-page-345
ILE DE FRANCE,French Riviera Flavoured Aperitif Cheese,100 g,"$6.29
 ea.",,$6.29 /100g,"Regular price
$6.49  ea.","Valid until Jan 17, 2024",https://product-images.metro.ca/images/h95/h0d/9731939041310.jpg,https://www.metro.ca/en/online-grocery/search-page-345
ILE DE FRANCE,Provence Flavoured Aperitif Cheese,100 g,"$6.29
 ea.",,$6.29 /100g,"Regular price
$6.49  ea.","Valid until Jan 17, 2024",https://product-images.metro.ca/images/h6a/h99/9731941597214.jpg,https://www.metro.ca/en/online-grocery/search-page-345
MÈRE POULARD,Raspberry Flavoured Organic Cookies,110 g,"$5.99
 ea.",,$5.45 /100g,,,https://product-images.metro.ca/images/h95/he2/9871736832030.jpg,https://www.metro.ca/en/online-grocery/search-page-346
MÈRE POULARD,Chocolate And Hazelnut Flavoured Organic Cookies,110 g,"$5.99
 ea.",,$5.45 /100g,,,https://product-images.metro.ca/images/h4f/hba/9871607005214.jpg,https://www.metro.ca/en/online-grocery/search-page-346
MÈRE POULARD,Organic Butter Cookies,110 g,"$5.99
 ea.",,$5.45 /100g,,,https://product-images.metro.ca/images/hc6/hb4/9871183839262.jpg,https://www.metro.ca/en/online-grocery/search-page-346
JP. CHENET,Alcohol-Free French Sparkling Rosé Wine,750 mL,"$11.99
 ea.",,$1.60 /100ml,"Regular price
$12.99  ea.","Valid until Feb 7, 2024",https://product-images.metro.ca/images/heb/h9d/10297837158430.jpg,https://www.metro.ca/en/online-grocery/search-page-346
JP. CHENET,Alcohol-Free French White Wine,750 mL,"$11.99
 ea.",,$1.60 /100ml,"Regular price
$12.99  ea.","Valid until Feb 7, 2024",https://product-images.metro.ca/images/h3b/hdc/9825186218014.jpg,https://www.metro.ca/en/online-grocery/search-page-346
JP. CHENET,Alcohol-Free French Red Wine,750 mL,"$11.99
 ea.",,$1.60 /100ml,"Regular price
$12.99  ea.","Valid until Feb 7, 2024",https://product-images.metro.ca/images/h94/hb0/10073502253086.jpg,https://www.metro.ca/en/online-grocery/search-page-346
JP. CHENET,Alcohol-Free French Sparkling Wine,750 mL,"$11.99
 ea.",,$1.60 /100ml,"Regular price
$12.99  ea.","Valid until Feb 7, 2024",https://product-images.metro.ca/images/h86/ha6/9782044164126.jpg,https://www.metro.ca/en/online-grocery/search-page-346
L'ORÉAL,"Invisible Sweet Fusion Dry Shampoo, Magic Shampoo",200 mL,"$10.99
 ea.",,$5.50 /100ml,,,,https://www.metro.ca/en/online-grocery/search-page-346
JP. CHENET,Alcohol-Free French Sparkling Rosé Wine,750 mL,"$11.99
 ea.",,$1.60 /100ml,"Regular price
$12.99  ea.","Valid until Feb 7, 2024",https://product-images.metro.ca/images/h9e/h1a/10710961553438.jpg,https://www.metro.ca/en/online-grocery/search-page-346
ILE FRANCE,"Creamy And Ripened Cheese, Petit Brie",125 g,"$7.49
 ea.",,$5.99 /100g,,,,https://www.metro.ca/en/online-grocery/search-page-346
,Yellow Dragon Fruit,1 un,"$6.99
 ea.",,$6.99 /un.,,,https://product-images.metro.ca/images/hd6/h09/10437667258398.jpg,https://www.metro.ca/en/online-grocery/search-page-346
LES COMTES DE PROVENCE,Fig Jam,250 mL,"$7.49
 ea.",,$3.00 /100ml,"Regular price
$7.99  ea.","Valid until Feb 7, 2024",https://product-images.metro.ca/images/h2a/ha8/9658252328990.jpg,https://www.metro.ca/en/online-grocery/search-page-346
LA POTAGÈRE,Tomato Gazpacho,1 L,"$9.49
 ea.",,$0.95 /100ml,,,https://product-images.metro.ca/images/h44/hf6/9847393288222.jpg,https://www.metro.ca/en/online-grocery/search-page-346
LES COMTES DE PROVENCE,Raspberry Jam,250 mL,"$7.49
 ea.",,$3.00 /100ml,"Regular price
$7.99  ea.","Valid until Feb 7, 2024",https://product-images.metro.ca/images/hb6/hbb/9658251903006.jpg,https://www.metro.ca/en/online-grocery/search-page-346
PAQUITO,Peach Syrup,750 mL,"$8.49
 ea.",,$1.13 /100ml,,,https://product-images.metro.ca/images/h5b/h37/10246325272606.jpg,https://www.metro.ca/en/online-grocery/search-page-346
PAQUITO,Pink Grapefruit Syrup,750 mL,"$8.49
 ea.",,$1.13 /100ml,,,https://product-images.metro.ca/images/h6f/h83/10246469320734.jpg,https://www.metro.ca/en/online-grocery/search-page-346
PAQUITO,Mint Syrup,750 mL,"$8.49
 ea.",,$1.13 /100ml,,,https://product-images.metro.ca/images/h50/h6b/10246635585566.jpg,https://www.metro.ca/en/online-grocery/search-page-346
PAQUITO,Lemon Syrup,750 mL,"$8.49
 ea.",,$1.13 /100ml,,,https://product-images.metro.ca/images/he0/h44/10246636830750.jpg,https://www.metro.ca/en/online-grocery/search-page-346
PAQUITO,Granadine Syrup,750 mL,"$8.49
 ea.",,$1.13 /100ml,,,https://product-images.metro.ca/images/h85/hb2/10246361514014.jpg,https://www.metro.ca/en/online-grocery/search-page-346
PRÉSIDENT,"Garlic And Fine Herb Spreadable Cheese, Rondelé",125 g,"$5.29
 ea.",,$4.23 /100g,,,,https://www.metro.ca/en/online-grocery/search-page-346
,Local Rainbow Swiss Chard,1 un,"$4.99
 ea.",,$4.99 /un.,,,https://product-images.metro.ca/images/h0c/h3e/11037897392158.jpg,https://www.metro.ca/en/online-grocery/search-page-346
,Celery Hearts,1 un,"$4.99
 ea.",,$2.50 /un.,,,https://product-images.metro.ca/images/h0f/h38/10269187932190.jpg,https://www.metro.ca/en/online-grocery/search-page-346
DION HERBES & ÉPICES,Gluten Free Peri Peri Spice Blend,53 g,"$3.69
 ea.",,$6.96 /100g,"Regular price
$4.69  ea.","Valid until Feb 7, 2024",https://product-images.metro.ca/images/h9b/h5b/10315967758366.jpg,https://www.metro.ca/en/online-grocery/search-page-346
DION,Montreal Style Steak Spice,160 g,"$4.99
 ea.",,$3.12 /100g,,,https://product-images.metro.ca/images/hd0/h50/10845273686046.jpg,https://www.metro.ca/en/online-grocery/search-page-346
DION,Montreal Style Chicken Spices,166 g,"$4.99
 ea.",,$3.01 /100g,,,https://product-images.metro.ca/images/ha4/h5c/10845290201118.jpg,https://www.metro.ca/en/online-grocery/search-page-346
DION,Western Steak Spices,167 g,"$4.99
 ea.",,$2.99 /100g,,,https://product-images.metro.ca/images/h01/h0f/10845287317534.jpg,https://www.metro.ca/en/online-grocery/search-page-346
DION,Hamburger Spices,147 g,"$4.99
 ea.",,$3.39 /100g,,,https://product-images.metro.ca/images/h09/hc9/10845285580830.jpg,https://www.metro.ca/en/online-grocery/search-page-346
DION,"Steak Spices Set, BBQ Collection",4 un,"$18.99
 ea.",,$4.75 /un.,,,,https://www.metro.ca/en/online-grocery/search-page-346
TOBLERONE,Cheesecake,430 g,"$17.99
 ea.",,$4.18 /100g,,,https://product-images.metro.ca/images/ha8/had/11541241659422.jpg,https://www.metro.ca/en/online-grocery/search-page-346
DOVE,Daily Moisture Shampoo,750 mL,"$12.99
 ea.",,$1.73 /100ml,,,https://product-images.metro.ca/images/h71/hb1/11538269372446.jpg,https://www.metro.ca/en/online-grocery/search-page-346
PLAYTEX,"Unscented Super Tampons, Sport",36 un,"$9.99
 ea.",,$0.28 /un.,,,,https://www.metro.ca/en/online-grocery/search-page-347
LITEHOUSE,Classic Caesar Dressing,591 mL,"$6.99
 ea.",,$1.18 /100ml,,,https://product-images.metro.ca/images/h08/hde/12175087927326.jpg,https://www.metro.ca/en/online-grocery/search-page-347
LITEHOUSE,French Onion Dip,340 g,"$4.69
 ea.",,$1.38 /100g,"Regular price
$4.99  ea.","Valid until Jan 17, 2024",https://product-images.metro.ca/images/hd5/hea/12175198027806.jpg,https://www.metro.ca/en/online-grocery/search-page-347
LITEHOUSE,Avocado Flavoured Ranch Sauce,340 g,"$4.69
 ea.",,$1.38 /100g,"Regular price
$4.99  ea.","Valid until Jan 17, 2024",https://product-images.metro.ca/images/h2c/h51/12175197143070.jpg,https://www.metro.ca/en/online-grocery/search-page-347
LITEHOUSE,Spinach And Parmesan Dip,340 g,"$4.69
 ea.",,$1.38 /100g,"Regular price
$4.99  ea.","Valid until Jan 17, 2024",https://product-images.metro.ca/images/he8/h11/12175198093342.jpg,https://www.metro.ca/en/online-grocery/search-page-347
LITEHOUSE,Homestyle Ranch Dip,340 g,"$4.69
 ea.",,$1.38 /100g,"Regular price
$4.99  ea.","Valid until Jan 17, 2024",https://product-images.metro.ca/images/he8/h03/10542399586334.jpg,https://www.metro.ca/en/online-grocery/search-page-347
LITEHOUSE,Southwest Ranch Dip,340 g,"$4.69
 ea.",,$1.38 /100g,"Regular price
$4.99  ea.","Valid until Jan 17, 2024",https://product-images.metro.ca/images/h64/h73/10541798555678.jpg,https://www.metro.ca/en/online-grocery/search-page-347
JOHNSONVILLE,Buffalo Style Smoked Sausages With Cheese,375 g,"$7.49
 ea.",,$2.00 /100g,,,https://product-images.metro.ca/images/hba/hc6/10984743960606.jpg,https://www.metro.ca/en/online-grocery/search-page-347
MERIT,Triple Chocolate Blister Cake,105 g,"$4.99
 ea.",,$4.75 /100g,,,https://product-images.metro.ca/images/hff/h7c/9200154312734.jpg,https://www.metro.ca/en/online-grocery/search-page-347
MERIT,White Panini Roll,54 g,"$1.49
 ea.",,$2.76 /100g,,,https://product-images.metro.ca/images/h43/h43/9200171548702.jpg,https://www.metro.ca/en/online-grocery/search-page-347
MERIT,Chocolate Brownie And Caramel Cake,110 g,"$4.99
 ea.",,$4.54 /100g,,,https://product-images.metro.ca/images/h46/h02/10265470140446.jpg,https://www.metro.ca/en/online-grocery/search-page-347
,9" White Submarine Roll,100 g,"$1.99
 ea.",,$1.99 /100g,,,,https://www.metro.ca/en/online-grocery/search-page-347
MERIT,Chocolate Crunch Cake,110 g,"$4.99
 ea.",,$4.75 /100g,,,https://product-images.metro.ca/images/h75/h74/9200176594974.jpg,https://www.metro.ca/en/online-grocery/search-page-347
MERIT,Le Carré Olives And Fine Herbs Bread Rolls,100 g,"$1.29
 ea.",,$1.29 /100g,,,https://www.metro.ca/images/shared/placeholders/icon-no-picture.svg?v=2023.71.1.d1,https://www.metro.ca/en/online-grocery/search-page-347
TOP DESSERT,Halloween Duo Mousse Cake,485 g,"$18.99
 ea.",,$4.22 /100g,,,https://www.metro.ca/images/shared/placeholders/icon-no-picture.svg?v=2023.71.1.d1,https://www.metro.ca/en/online-grocery/search-page-347
CHOCOLATS FAVORIS,Salted Caramel Kooky Cake,950 g,"$25.99
 ea.",,$3.15 /100g,,,https://product-images.metro.ca/images/h0a/h42/10406887358494.jpg,https://www.metro.ca/en/online-grocery/search-page-347
CHOCOLATS FAVORIS,S'Mores Kooky Cake,950 g,"$25.99
 ea.",,$3.15 /100g,,,https://product-images.metro.ca/images/h52/h2e/10406890405918.jpg,https://www.metro.ca/en/online-grocery/search-page-347
CHOCOLATS FAVORIS,Chocolate Decadence Kooky Cake,950 g,"$25.99
 ea.",,$3.15 /100g,,,https://product-images.metro.ca/images/h6f/hd6/10406889291806.jpg,https://www.metro.ca/en/online-grocery/search-page-347
CHOCOLATS FAVORIS,Cotton Candy Kooky Cake,900 g,"$25.99
 ea.",,$3.35 /100g,,,https://product-images.metro.ca/images/hd5/h20/10406887292958.jpg,https://www.metro.ca/en/online-grocery/search-page-347
GODIVA,Dark Chocolate And Sea Salt Cake,550 g,"$19.99
 ea.",,$3.63 /100g,,,https://www.metro.ca/images/shared/placeholders/icon-no-picture.svg?v=2023.71.1.d1,https://www.metro.ca/en/online-grocery/search-page-347
IRRESISTIBLES,Carrot Cake,720 g,"$22.49
 ea.",,$3.12 /100g,,,https://www.metro.ca/images/shared/placeholders/icon-no-picture.svg?v=2023.71.1.d1,https://www.metro.ca/en/online-grocery/search-page-347
IRRESISTIBLES,Key Lime Cake,590 g,"$22.49
 ea.",,$3.81 /100g,,,https://www.metro.ca/images/shared/placeholders/icon-no-picture.svg?v=2023.71.1.d1,https://www.metro.ca/en/online-grocery/search-page-347
IRRESISTIBLES,Chocolate Hazelnut Cake,630 g,"$22.49
 ea.",,$3.57 /100g,,,https://www.metro.ca/images/shared/placeholders/icon-no-picture.svg?v=2023.71.1.d1,https://www.metro.ca/en/online-grocery/search-page-347
,Triple Chocolate Cake,120 g,"$5.49
 ea.",,$4.57 /100g,,,https://www.metro.ca/images/shared/placeholders/icon-no-picture.svg?v=2023.71.1.d1,https://www.metro.ca/en/online-grocery/search-page-347
,Rocher Cake,155 g,"$5.49
 ea.",,$3.54 /100g,,,https://www.metro.ca/images/shared/placeholders/icon-no-picture.svg?v=2023.71.1.d1,https://www.metro.ca/en/online-grocery/search-page-347
LESLIE HARDY & SONS,"Malpeque Oysters, PEI","1 box, approximately 140-150 oysters","$75.00
 ea.",,$75.00 /un.,"Regular price
$80.00  ea.","Valid until Jan 17, 2024",,https://www.metro.ca/en/online-grocery/search-page-347
NAGANO,"Pork Chops, Hotel Cut",1 per tray,"$9.25
 avg. ea.",(300 g avg.),$30.84 /kg$13.99 /lb.,,,https://product-images.metro.ca/images/hb2/h1a/9961844277278.jpg,https://www.metro.ca/en/online-grocery/search-page-347
NAGANO,Ground Pork,1 un,"$5.28
 avg. ea.",(400 g avg.),$13.21 /kg$5.99 /lb.,,,https://product-images.metro.ca/images/hcd/h1c/9961851584542.jpg,https://www.metro.ca/en/online-grocery/search-page-347
NAGANO,Mustard And Herbs Flavoured Marinated Pork Tenderloin,1 un,"$13.22
 avg. ea.",(500 g avg.),$26.43 /kg$11.99 /lb.,,,https://product-images.metro.ca/images/h79/h99/12042597171230.jpg,https://www.metro.ca/en/online-grocery/search-page-347
NAGANO,Pork Tenderloin,1 un,"$11.89
 avg. ea.",(450 g avg.),$26.43 /kg$11.99 /lb.,,,https://product-images.metro.ca/images/hf1/h04/9961853517854.jpg,https://www.metro.ca/en/online-grocery/search-page-347
NAGANO,Chimichurri Flavoured Marinated Pork Tenderloin,1 un,"$13.22
 avg. ea.",(500 g avg.),$26.43 /kg$11.99 /lb.,,,https://product-images.metro.ca/images/h98/h0a/12042597236766.jpg,https://www.metro.ca/en/online-grocery/search-page-348
,"Beef Sirloin Tip Steaks, Value Pack",1 per tray,"$18.62
 avg. ea.",(650 g avg.),$28.64 /kg$12.99 /lb.,,,https://product-images.metro.ca/images/h73/h29/10265286475806.jpg,https://www.metro.ca/en/online-grocery/search-page-348
,Butter Palm Leaf,7x77 g,"$6.29
 ea.",,$2.04 /100g,,,https://product-images.metro.ca/images/hc2/h0e/10323671482398.jpg,https://www.metro.ca/en/online-grocery/search-page-348
METROGO!,Portuguese Salmon With Rice,,"$10.77
 avg. ea.",(300 g avg.),$35.90 /kg$16.28 /lb.,,,https://product-images.metro.ca/images/h57/h37/11926780280862.jpg,https://www.metro.ca/en/online-grocery/search-page-348
FONTAINE FAMILY,Striploin Steak,1 per tray,"$19.48
 avg. ea.",(340 g avg.),$57.30 /kg$25.99 /lb.,,,https://product-images.metro.ca/images/h4a/h8c/10907657142302.jpg,https://www.metro.ca/en/online-grocery/search-page-348
,Frozen Argentinian Wild Shrimp,Size 21-25,"$3.49
 / 100 g",,$34.90 /kg$15.83 /lb.,,,https://product-images.metro.ca/images/hd1/hc4/9999469477918.jpg,https://www.metro.ca/en/online-grocery/search-page-348
,Frozen Cooked White Shrimp,Size 21-25,"$3.49
 / 100 g",,$34.90 /kg$15.83 /lb.,,,https://product-images.metro.ca/images/hd6/h0b/9999529050142.jpg,https://www.metro.ca/en/online-grocery/search-page-348
METROGO!,Chicken Noodle Soup,400 mL,"$4.99
 ea.",,$1.25 /100ml,,,https://www.metro.ca/images/shared/placeholders/icon-no-picture.svg?v=2023.71.1.d1,https://www.metro.ca/en/online-grocery/search-page-348
,"Previously Frozen Or Fresh Sole Fillets, Value Pack,...",Around 5 per tray,"$15.86
 avg. ea.",(450 g avg.),$35.25 /kg$15.99 /lb.,,,,https://www.metro.ca/en/online-grocery/search-page-348
METROGO!,Italian Wedding Soup,400 mL,"$4.99
 ea.",,$1.25 /100ml,,,https://www.metro.ca/images/shared/placeholders/icon-no-picture.svg?v=2023.71.1.d1,https://www.metro.ca/en/online-grocery/search-page-348
MERIT,Butter Croissants,6x57 g,"$4.49
 ea.",,$1.31 /100g,,,https://product-images.metro.ca/images/hba/h58/9926287228958.jpg,https://www.metro.ca/en/online-grocery/search-page-348
,"Atlantic Salmon Steaks, Value Pack",2 per tray,"$17.35
 avg. ea.",(450 g avg.),$38.56 /kg$17.49 /lb.,,,https://product-images.metro.ca/images/h42/h65/10085432131614.jpg,https://www.metro.ca/en/online-grocery/search-page-348
METROGO!,Atlantic Salmon Patty,1 per tray,"$3.50
 ea.",(100 ea. avg.),$3.50 /100g,,,https://product-images.metro.ca/images/h93/haf/10052741595166.jpg,https://www.metro.ca/en/online-grocery/search-page-348
METROGO!,Maple Chipotle Salmon Patty,1 per tray,"$3.50
 ea.",(100 ea. avg.),$3.50 /100g,,,https://product-images.metro.ca/images/hcd/h58/10265342869534.jpg,https://www.metro.ca/en/online-grocery/search-page-348
,Gluten Free Veal Kefta,6 per tray,"$10.90
 avg. ea.",(450 g avg.),$24.23 /kg$10.99 /lb.,,,https://product-images.metro.ca/images/h7d/h6e/11899470675998.jpg,https://www.metro.ca/en/online-grocery/search-page-348
CARRÉMENT TARTE,Lorraine Quiche,210 g,"$5.99
 ea.",,$2.85 /100g,"Regular price
$6.99  ea.","Valid until Jan 17, 2024",https://product-images.metro.ca/images/h2b/hbc/10809722699806.jpg,https://www.metro.ca/en/online-grocery/search-page-348
CARRÉMENT TARTE,Goat Cheese And Spinach Quiche,210 g,"$5.99
 ea.",,$2.85 /100g,"Regular price
$6.99  ea.","Valid until Jan 17, 2024",https://product-images.metro.ca/images/h54/hb2/10809737281566.jpg,https://www.metro.ca/en/online-grocery/search-page-348
CARRÉMENT TARTE,Leeks And Brie Cheese Quiche,210 g,"$5.99
 ea.",,$2.85 /100g,"Regular price
$6.99  ea.","Valid until Jan 17, 2024",https://product-images.metro.ca/images/h27/hd3/10809643237406.jpg,https://www.metro.ca/en/online-grocery/search-page-348
,Fresh Rockfish Fillet,,"$6.17
 avg. ea.",(200 g avg.),$30.84 /kg$13.99 /lb.,,,https://product-images.metro.ca/images/h30/h76/10715764293662.jpg,https://www.metro.ca/en/online-grocery/search-page-348
,Lamb Merguez Sausage,,"$16.53
 avg. ea.",(500 g avg.),$33.05 /kg$14.99 /lb.,,,https://product-images.metro.ca/images/hbe/h7f/11742390190110.jpg,https://www.metro.ca/en/online-grocery/search-page-348
FONTAINE FAMILY,Aged AA Beef Flap Steak,1 per tray,"$15.37
 avg. ea.",(225 g avg.),$68.32 /kg$30.99 /lb.,,,https://product-images.metro.ca/images/hcb/hc3/10768822796318.jpg,https://www.metro.ca/en/online-grocery/search-page-348
MERIT,6" Sesame Submarine Bread,6x76 g,"$4.99
 ea.",,$1.09 /100g,,,,https://www.metro.ca/en/online-grocery/search-page-348
MERIT,9" Sesame Submarine Bread,4x105 g,"$4.99
 ea.",,$1.19 /100g,,,,https://www.metro.ca/en/online-grocery/search-page-348
MERIT,Sesame Panini Bread,6x62 g,"$4.99
 ea.",,$1.34 /100g,,,https://www.metro.ca/images/shared/placeholders/icon-no-picture.svg?v=2023.71.1.d1,https://www.metro.ca/en/online-grocery/search-page-348
METROGO!,Chili Con Carne,800 mL,"$11.99
 ea.",,$1.50 /100ml,,,https://product-images.metro.ca/images/h21/h0a/11926812688414.jpg,https://www.metro.ca/en/online-grocery/search-page-348
,8 Shrimp Skewers Frozen,440 g,"$12.00
 ea.",,$2.73 /100g,,,https://product-images.metro.ca/images/h1a/hd1/11742219239454.jpg,https://www.metro.ca/en/online-grocery/search-page-348
METROGO!,Cheese Rolls,1 un,"$1.49
 ea.",,$1.49 /un.,,,https://product-images.metro.ca/images/hf9/h57/11926819930142.jpg,https://www.metro.ca/en/online-grocery/search-page-348
METROGO!,Meat Kibbeh With Garlic Sauce,300 g,"$6.99
 ea.",,$2.33 /100g,,,https://product-images.metro.ca/images/h71/h9a/11926823632926.jpg,https://www.metro.ca/en/online-grocery/search-page-348
METROGO!,Vegetarian Kibbeh With Hummus,265 g,"$8.29
 ea.",,$2.86 /100g,,,https://product-images.metro.ca/images/haf/h10/11926823796766.jpg,https://www.metro.ca/en/online-grocery/search-page-348
MERIT,Apple Sugared Sticks,6x54 g,"$6.99
 ea.",,$2.16 /100g,,,https://product-images.metro.ca/images/h3b/h6c/11360307413022.jpg,https://www.metro.ca/en/online-grocery/search-page-348
MERIT,Apple Bites,12x26 g,"$5.99
 ea.",,$1.92 /100g,,"Valid until Jan 17, 2024",https://www.metro.ca/images/shared/placeholders/icon-no-picture.svg?v=2023.71.1.d1,https://www.metro.ca/en/online-grocery/search-page-349
,Pear Almond Tarts,2x130 g,"$9.99
 ea.",,$4.76 /100g,,,https://product-images.metro.ca/images/h2c/ha2/11503789506590.jpg,https://www.metro.ca/en/online-grocery/search-page-349
,Lemon Meringue Tarts,2x130 g,"$9.99
 ea.",,$3.84 /100g,,,https://product-images.metro.ca/images/h23/h0a/11751939014686.jpg,https://www.metro.ca/en/online-grocery/search-page-349
,Passion Fruit And Chocolate Cakes,2x140 g,"$9.99
 ea.",,$3.57 /100g,,,https://www.metro.ca/images/shared/placeholders/icon-no-picture.svg?v=2023.71.1.d1,https://www.metro.ca/en/online-grocery/search-page-349
,Salted Caramel And Chocolate Cakes,2x140 g,"$9.99
 ea.",,$3.57 /100g,,,https://product-images.metro.ca/images/h99/hed/11503856943134.jpg,https://www.metro.ca/en/online-grocery/search-page-349
PINTY'S,Bourbon & Butter Flavoured Young Turkey,,"$52.80
 avg. ea.","(6,000 g avg.)",$8.80 /kg$3.99 /lb.,"Regular price
$9.46  avg. kg","Valid until Jan 17, 2024",https://www.metro.ca/images/shared/placeholders/icon-no-picture.svg?v=2023.71.1.d1,https://www.metro.ca/en/online-grocery/search-page-349
PINTY'S,Bourbon & Butter Flavoured Young Turkey,,"$35.20
 avg. ea.","(4,000 g avg.)",$8.80 /kg$3.99 /lb.,"Regular price
$9.46  avg. kg","Valid until Jan 17, 2024",https://www.metro.ca/images/shared/placeholders/icon-no-picture.svg?v=2023.71.1.d1,https://www.metro.ca/en/online-grocery/search-page-349
MERIT,Blueberry Turnovers,4x80 g,"$5.79
 ea.",,$1.81 /100g,,,https://www.metro.ca/images/shared/placeholders/icon-no-picture.svg?v=2023.71.1.d1,https://www.metro.ca/en/online-grocery/search-page-349
FONTAINE FAMILY,Aged Veal T-Bone Loin Chop,,"$11.30
 avg. ea.",(270 g avg.),$41.87 /kg$18.99 /lb.,,,https://product-images.metro.ca/images/hd7/hf2/11514395754526.jpg,https://www.metro.ca/en/online-grocery/search-page-349
,Bavarian Cream,910 g,"$5.49
 ea.",,$0.60 /100g,,,https://www.metro.ca/images/shared/placeholders/icon-no-picture.svg?v=2023.71.1.d1,https://www.metro.ca/en/online-grocery/search-page-349
PLATINUM,AAA Platinum Angus Cowboy Ribsteak,,"$66.12
 avg. ea.","(1,000 g avg.)",$66.12 /kg$29.99 /lb.,,,https://product-images.metro.ca/images/h6b/h33/11467608162334.jpg,https://www.metro.ca/en/online-grocery/search-page-349
FONTAINE FAMILY,Veal Cutlets Inside Round,,"$14.19
 avg. ea.",(280 g avg.),$50.68 /kg$22.99 /lb.,,,https://product-images.metro.ca/images/h3e/h0f/11514207043614.jpg,https://www.metro.ca/en/online-grocery/search-page-349
DOM,"Previously Frozen, Skinless Organic Salmon",,"$14.55
 avg. ea.",(200 g avg.),$72.73 /kg$32.99 /lb.,,,https://product-images.metro.ca/images/h66/h2c/11486270619678.jpg,https://www.metro.ca/en/online-grocery/search-page-349
METROGO!,Pollock And Shrimp Quartet,,"$14.87
 avg. ea.",(450 g avg.),$33.05 /kg$14.99 /lb.,,,https://product-images.metro.ca/images/h15/h04/11486277107742.jpg,https://www.metro.ca/en/online-grocery/search-page-349
METROGO!,Shrimp And Ham Jambalaya,,"$8.37
 avg. ea.",(300 g avg.),$27.90 /kg$12.66 /lb.,,,https://product-images.metro.ca/images/h5b/he9/11926892380190.jpg,https://www.metro.ca/en/online-grocery/search-page-349
METROGO!,Hamburger Steak With Mashed Potatoes,1 un,"$0.02
 / g",,$24.90 /kg$11.29 /lb.,,,https://product-images.metro.ca/images/he9/h89/11926849421342.jpg,https://www.metro.ca/en/online-grocery/search-page-349
METROGO!,Cod Pavé With Ratatouille,,"$11.37
 avg. ea.",(300 g avg.),$37.90 /kg$17.19 /lb.,,,https://product-images.metro.ca/images/h17/h50/11926849716254.jpg,https://www.metro.ca/en/online-grocery/search-page-349
MERIT,Strawberry Cheese Bites,12x26 g,"$5.99
 ea.",,$1.92 /100g,,"Valid until Jan 17, 2024",https://www.metro.ca/images/shared/placeholders/icon-no-picture.svg?v=2023.71.1.d1,https://www.metro.ca/en/online-grocery/search-page-349
MERIT,Raspberry Bites,12x26 g,"$5.99
 ea.",,$1.92 /100g,,"Valid until Jan 17, 2024",https://www.metro.ca/images/shared/placeholders/icon-no-picture.svg?v=2023.71.1.d1,https://www.metro.ca/en/online-grocery/search-page-349
METROGO!,Montreal-Style Smoked Meat Pretzel Sandwich,165 g,"$5.99
 ea.",,$4.79 /100g,,,https://product-images.metro.ca/images/h8d/h32/11926831595550.jpg,https://www.metro.ca/en/online-grocery/search-page-349
METROGO!,Crispy Chicken Mini Burger Kit,360 g,"$15.99
 ea.",,$4.44 /100g,,,https://product-images.metro.ca/images/h20/h8a/11926834708510.jpg,https://www.metro.ca/en/online-grocery/search-page-349
METROGO!,Chicken Tacos Kit,360 g,"$15.99
 ea.",,$4.44 /100g,,,https://product-images.metro.ca/images/h85/h8c/11926836543518.jpg,https://www.metro.ca/en/online-grocery/search-page-349
METROGO!,Ham Kaiser Lunch Box,355 g,"$7.99
 ea.",,$2.28 /100g,,,https://product-images.metro.ca/images/hb6/h93/11565927268382.jpg,https://www.metro.ca/en/online-grocery/search-page-349
METROGO!,"Turkey Kaiser Lunch Box, Value Pack",355 g,"$7.99
 ea.",,$2.28 /100g,,,,https://www.metro.ca/en/online-grocery/search-page-350
,Pork Taquitos,,"$12.21
 avg. ea.",(340 g avg.),$35.90 /kg$16.28 /lb.,,,https://product-images.metro.ca/images/hab/h52/12166558515230.jpg,https://www.metro.ca/en/online-grocery/search-page-350
METROGO!,Shell Of The Sea With Duchess Potatoes,,"$12.21
 avg. ea.",(340 g avg.),$35.90 /kg$16.28 /lb.,,,https://product-images.metro.ca/images/hb0/hb5/12166550978590.jpg,https://www.metro.ca/en/online-grocery/search-page-350
METROGO!,Olive Oil And Rapinis Salmon,,"$12.89
 avg. ea.",(340 g avg.),$37.90 /kg$17.19 /lb.,,,https://product-images.metro.ca/images/hf5/h59/12171886428190.jpg,https://www.metro.ca/en/online-grocery/search-page-350
METROGO!,Creamy Polenta And Shrimp,,"$9.49
 avg. ea.",(340 g avg.),$27.90 /kg$12.66 /lb.,,,https://product-images.metro.ca/images/h1a/h1a/12172000067614.jpg,https://www.metro.ca/en/online-grocery/search-page-350
,Grande Entrée Oysters,12 Oysters + 2 Free,"$21.99
 ea.",,$21.99 /un.,"Regular price
$26.99  ea.","Valid until Jan 17, 2024",https://product-images.metro.ca/images/h85/hf9/11857713070110.jpg,https://www.metro.ca/en/online-grocery/search-page-350
,HoneyMoon Oysters,12 Oysters + 2 Free,"$19.99
 ea.",,$19.99 /un.,"Regular price
$25.99  ea.","Valid until Jan 17, 2024",https://product-images.metro.ca/images/h7d/hcf/11857685315614.jpg,https://www.metro.ca/en/online-grocery/search-page-350
,BeauSoleil Oysters,12 Oysters + 2 Free,"$19.99
 ea.",,$19.99 /un.,"Regular price
$26.99  ea.","Valid until Jan 17, 2024",https://product-images.metro.ca/images/h8d/h26/11829960900638.jpg,https://www.metro.ca/en/online-grocery/search-page-350
,"Opus Oysters, Size 3'' - 3 To 5''",12 Oysters + 2 Free,"$22.99
 ea.",,$22.99 /un.,"Regular price
$28.99  ea.","Valid until Jan 17, 2024",,https://www.metro.ca/en/online-grocery/search-page-350
,Black Point Oysters,12 Oysters + 2 Free,"$25.99
 ea.",,$25.99 /un.,"Regular price
$31.99  ea.","Valid until Jan 17, 2024",https://product-images.metro.ca/images/hc1/h2b/11842848161822.jpg,https://www.metro.ca/en/online-grocery/search-page-350
,Raspberry Point Oysters,12 Oysters + 2 Free,"$21.99
 ea.",,$21.99 /un.,"Regular price
$29.99  ea.","Valid until Jan 17, 2024",https://product-images.metro.ca/images/hbe/hd1/11829910667294.jpg,https://www.metro.ca/en/online-grocery/search-page-350
,Trésor Du Large Oysters,12 Oysters + 2 Free,"$17.99
 ea.",,$17.99 /un.,"Regular price
$22.99  ea.","Valid until Jan 17, 2024",https://product-images.metro.ca/images/hda/h39/11829911519262.jpg,https://www.metro.ca/en/online-grocery/search-page-350
,Luckylime Medium Oysters,12 Oysters + 2 Free,"$27.99
 ea.",,$27.99 /un.,"Regular price
$35.99  ea.","Valid until Jan 17, 2024",https://product-images.metro.ca/images/h1f/h42/11829912764446.jpg,https://www.metro.ca/en/online-grocery/search-page-350
,Maple Mini Donuts,10x25 g,"$8.49
 ea.",,$3.40 /100g,,,https://product-images.metro.ca/images/h4c/hdd/12018983141406.jpg,https://www.metro.ca/en/online-grocery/search-page-350
,Maple Mini Donuts,4x25 g,"$3.69
 ea.",,$3.69 /100g,,,https://www.metro.ca/images/shared/placeholders/icon-no-picture.svg?v=2023.71.1.d1,https://www.metro.ca/en/online-grocery/search-page-350
K POUR KATRINE,Chocolate Raspberry Fudge,4x60 g,"$10.99
 ea.",,$4.58 /100g,,,https://product-images.metro.ca/images/h08/h5e/12272622895134.jpg,https://www.metro.ca/en/online-grocery/search-page-350
ISABELLE HUOT,Date And Nut Muffins,4x88 g,"$4.99
 ea.",,$1.42 /100g,,,https://product-images.metro.ca/images/h3e/h6c/11997380870174.jpg,https://www.metro.ca/en/online-grocery/search-page-350
MERIT,Glazed Apple Flavoured Donut,2x125 g,"$3.99
 ea.",,$1.60 /100g,,,https://www.metro.ca/images/shared/placeholders/icon-no-picture.svg?v=2023.71.1.d1,https://www.metro.ca/en/online-grocery/search-page-350
MERITE,Chocolate Flavoured Donut Holes,8x13 g,"$1.99
 ea.",,$1.91 /100g,,,https://www.metro.ca/images/shared/placeholders/icon-no-picture.svg?v=2023.71.1.d1,https://www.metro.ca/en/online-grocery/search-page-350
MERITE,Cinnamon And Sugar Donut Holes,24x13 g,"$4.99
 ea.",,$1.60 /100g,,,https://www.metro.ca/images/shared/placeholders/icon-no-picture.svg?v=2023.71.1.d1,https://www.metro.ca/en/online-grocery/search-page-350
MERITE,Chocolate Flavoured Donut Holes,24x13 g,"$4.99
 ea.",,$1.60 /100g,,,https://www.metro.ca/images/shared/placeholders/icon-no-picture.svg?v=2023.71.1.d1,https://www.metro.ca/en/online-grocery/search-page-350
MERITE,Vanilla Fondant Flavoured Cinnamon Roll,2x145 g,"$2.99
 ea.",,$1.03 /100g,,,https://product-images.metro.ca/images/h4b/hcd/12039065042974.jpg,https://www.metro.ca/en/online-grocery/search-page-350
MERITE,Sugar And Chocolate Flavoured Donut Holes,24x13 g,"$4.99
 ea.",,$1.60 /100g,,,https://www.metro.ca/images/shared/placeholders/icon-no-picture.svg?v=2023.71.1.d1,https://www.metro.ca/en/online-grocery/search-page-350
MERITE,Powdered Sugar And Chocolate Flavoured Donut Holes,24x13 g,"$4.99
 ea.",,$1.60 /100g,,,https://www.metro.ca/images/shared/placeholders/icon-no-picture.svg?v=2023.71.1.d1,https://www.metro.ca/en/online-grocery/search-page-350
MERITE,Maple Fondant Flavoured Cinnamon Roll,2x145 g,"$2.99
 ea.",,$1.03 /100g,,,https://www.metro.ca/images/shared/placeholders/icon-no-picture.svg?v=2023.71.1.d1,https://www.metro.ca/en/online-grocery/search-page-350
MERITE,Powdered Sugar And Chocolate Flavoured Donut Holes,8x13 g,"$1.99
 ea.",,$1.91 /100g,,,https://www.metro.ca/images/shared/placeholders/icon-no-picture.svg?v=2023.71.1.d1,https://www.metro.ca/en/online-grocery/search-page-350
MERITE,Plain Donut Holes,24x13 g,"$4.99
 ea.",,$1.60 /100g,,,https://www.metro.ca/images/shared/placeholders/icon-no-picture.svg?v=2023.71.1.d1,https://www.metro.ca/en/online-grocery/search-page-350
MERITE,Cinnamon Roll,2x135 g,"$2.99
 ea.",,$1.11 /100g,,,https://product-images.metro.ca/images/h8e/h17/12039064453150.jpg,https://www.metro.ca/en/online-grocery/search-page-350
MERITE,Sugar And Chocolate Flavoured Donut Holes,8x13 g,"$1.99
 ea.",,$1.91 /100g,,,https://www.metro.ca/images/shared/placeholders/icon-no-picture.svg?v=2023.71.1.d1,https://www.metro.ca/en/online-grocery/search-page-350
MERITE,Plain Donut Holes,8x13 g,"$1.99
 ea.",,$1.91 /100g,,,https://www.metro.ca/images/shared/placeholders/icon-no-picture.svg?v=2023.71.1.d1,https://www.metro.ca/en/online-grocery/search-page-350
MERITE,S'Mores Flavoured Donut,2x130 g,"$3.99
 ea.",,$1.53 /100g,,,https://www.metro.ca/images/shared/placeholders/icon-no-picture.svg?v=2023.71.1.d1,https://www.metro.ca/en/online-grocery/search-page-351
MERITE,Sugar Donut Holes,24x13 g,"$4.99
 ea.",,$1.60 /100g,,,https://www.metro.ca/images/shared/placeholders/icon-no-picture.svg?v=2023.71.1.d1,https://www.metro.ca/en/online-grocery/search-page-351
MERITE,Sugar Powder Donut Holes,8x13 g,"$1.99
 ea.",,$1.91 /100g,,,https://www.metro.ca/images/shared/placeholders/icon-no-picture.svg?v=2023.71.1.d1,https://www.metro.ca/en/online-grocery/search-page-351
MERITE,Sugar Powder Donut Holes,24x13 g,"$4.99
 ea.",,$1.60 /100g,,,https://www.metro.ca/images/shared/placeholders/icon-no-picture.svg?v=2023.71.1.d1,https://www.metro.ca/en/online-grocery/search-page-351
MERITE,Cinnamon And Sugar Donut Holes,8x13 g,"$1.99
 ea.",,$1.91 /100g,,,https://www.metro.ca/images/shared/placeholders/icon-no-picture.svg?v=2023.71.1.d1,https://www.metro.ca/en/online-grocery/search-page-351
MERITE,Sugar Donut Holes,8x13 g,"$1.99
 ea.",,$1.91 /100g,,,https://www.metro.ca/images/shared/placeholders/icon-no-picture.svg?v=2023.71.1.d1,https://www.metro.ca/en/online-grocery/search-page-351
METROGO!,Beet And Apple Salad,,"$3.38
 avg. ea.",(170 g avg.),$19.90 /kg$9.03 /lb.,,,https://product-images.metro.ca/images/h31/hc6/10265180733470.jpg,https://www.metro.ca/en/online-grocery/search-page-351
METROGO!,Beet And Apple Salad,,"$3.38
 avg. ea.",(170 g avg.),$19.90 /kg$9.03 /lb.,,,https://product-images.metro.ca/images/h7c/h6c/9957775278110.jpg,https://www.metro.ca/en/online-grocery/search-page-351
,Silky Chocolate Individual Cake,2x120 g,"2 / 
$14.00",,or $8.79 ea. $2.92 /100g,"Regular price
$9.49  ea.","Valid until Jan 17, 2024",https://www.metro.ca/images/shared/placeholders/icon-no-picture.svg?v=2023.71.1.d1,https://www.metro.ca/en/online-grocery/search-page-351
,Raspberry And Lime Flavoured Individual Cake,2x120 g,"2 / 
$14.00",,or $8.79 ea. $2.92 /100g,"Regular price
$9.49  ea.","Valid until Jan 17, 2024",https://www.metro.ca/images/shared/placeholders/icon-no-picture.svg?v=2023.71.1.d1,https://www.metro.ca/en/online-grocery/search-page-351
,Double Chocolate Mousse Cake 8",850 g,"$25.49
 ea.",,$3.00 /100g,,,,https://www.metro.ca/en/online-grocery/search-page-351
,Boneless Beef French And Pork Loin Roasts Duo,2 per tray,"$23.12
 avg. ea.","(1,500 g avg.)",$15.41 /kg$6.99 /lb.,,,https://product-images.metro.ca/images/hcd/h48/9659830239262.jpg,https://www.metro.ca/en/online-grocery/search-page-351
,Beef Sirloin Tip And Pork Sirloin Roasts Duo,2 per tray,"$23.12
 avg. ea.","(1,500 g avg.)",$15.41 /kg$6.99 /lb.,,,https://product-images.metro.ca/images/he0/h56/9659771650078.jpg,https://www.metro.ca/en/online-grocery/search-page-351
METROGO!,Seasoned Pork Shoulder Picnic Roast,,"$12.10
 avg. ea.","(1,000 g avg.)",$12.10 /kg$5.49 /lb.,,,https://product-images.metro.ca/images/h66/hac/11931038449694.jpg,https://www.metro.ca/en/online-grocery/search-page-351
METROGO!,Wonton Soup,400 mL,"$5.79
 ea.",,$1.45 /100ml,,,https://product-images.metro.ca/images/hd4/h90/11926770024478.jpg,https://www.metro.ca/en/online-grocery/search-page-351
FLAMINGO,Frozen Seasoned Turkey,,"$35.20
 avg. ea.","(4,000 g avg.)",$8.80 /kg$3.99 /lb.,"Regular price
$9.46  avg. kg","Valid until Jan 17, 2024",https://product-images.metro.ca/images/h55/h08/11422101307422.jpg,https://www.metro.ca/en/online-grocery/search-page-351
IRRESISTIBLES,Emmental Cheese,1 piece,"$9.32
 avg. ea.",(267 g avg.),$34.90 /kg$15.83 /lb.,,,https://product-images.metro.ca/images/h31/h9d/9825248378910.jpg,https://www.metro.ca/en/online-grocery/search-page-351
MERIT,Summer Berry Muffins,2x120 g,"$4.49
 ea.",,$1.87 /100g,,,https://product-images.metro.ca/images/hb4/h5e/10265349095454.jpg,https://www.metro.ca/en/online-grocery/search-page-351
FLAMINGO,Seasonned Young Turkey,1 per tray,"$70.40
 avg. ea.","(8,000 g avg.)",$8.80 /kg$3.99 /lb.,"Regular price
$9.46  avg. kg","Valid until Jan 17, 2024",https://www.metro.ca/images/shared/placeholders/icon-no-picture.svg?v=2023.71.1.d1,https://www.metro.ca/en/online-grocery/search-page-351
FLAMINGO,Seasonned Young Turkey,1 per tray,"$52.80
 avg. ea.","(6,000 g avg.)",$8.80 /kg$3.99 /lb.,"Regular price
$9.46  avg. kg","Valid until Jan 17, 2024",https://product-images.metro.ca/images/hd2/h9e/9873233936414.jpg,https://www.metro.ca/en/online-grocery/search-page-351
MERIT,Chocolate Chip Muffins,2x120 g,"$4.49
 ea.",,$1.87 /100g,,,https://product-images.metro.ca/images/ha0/h20/10265446219806.jpg,https://www.metro.ca/en/online-grocery/search-page-351
MERIT,Double Chocolate Muffins,2x120 g,"$4.49
 ea.",,$1.87 /100g,,,https://product-images.metro.ca/images/h1c/hc4/9933135708190.jpg,https://www.metro.ca/en/online-grocery/search-page-351
MERIT,Raspberry And Yogurt Muffins,2x120 g,"$4.49
 ea.",,$1.87 /100g,,,https://product-images.metro.ca/images/he8/hd8/10265388613662.jpg,https://www.metro.ca/en/online-grocery/search-page-351
MERIT,Caramel Swirl Muffins,2x120 g,"$4.49
 ea.",,$1.87 /100g,,,https://product-images.metro.ca/images/ha8/ha7/10265523224606.jpg,https://www.metro.ca/en/online-grocery/search-page-351
MERIT,Maple And Oatmeal Muffins,2x120 g,"$4.49
 ea.",,$1.87 /100g,,,https://product-images.metro.ca/images/h28/h65/10265478070302.jpg,https://www.metro.ca/en/online-grocery/search-page-351
MERIT,Carrot And Nut Muffins,2x120 g,"$4.49
 ea.",,$1.87 /100g,,,https://product-images.metro.ca/images/h84/h7e/10265527746590.jpg,https://www.metro.ca/en/online-grocery/search-page-351
METROGO!,Muskoka Chicken Salad,,"$9.99
 ea.",(285 ea. avg.),$3.07 /100g,,,https://product-images.metro.ca/images/hfd/hb7/10025885270046.jpg,https://www.metro.ca/en/online-grocery/search-page-351
METROGO!,"Fruit, Almond And Goat Cheese Salad",,"$6.99
 ea.",(310 ea. avg.),$1.86 /100g,,,https://product-images.metro.ca/images/h38/ha2/10025885237278.jpg,https://www.metro.ca/en/online-grocery/search-page-351
,Top Sirloin Steak,,"$9.37
 avg. ea.",(250 g avg.),$37.46 /kg$16.99 /lb.,,,https://product-images.metro.ca/images/he6/hb3/11588887248926.jpg,https://www.metro.ca/en/online-grocery/search-page-351
METROGO!,Minced Beef Submarine,175 g,"$6.99
 ea.",,$3.99 /100g,,,https://product-images.metro.ca/images/he5/h82/11926772973598.jpg,https://www.metro.ca/en/online-grocery/search-page-351
METROGO!,Italian Submarine Sandwich,220 g,"$5.99
 ea.",,$2.72 /100g,,,https://product-images.metro.ca/images/h27/h64/11926773366814.jpg,https://www.metro.ca/en/online-grocery/search-page-352
METROGO!,Chicken Spread Wheat Sandwich,140 g,"$4.29
 ea.",,$3.06 /100g,,,https://product-images.metro.ca/images/h97/h18/11926779756574.jpg,https://www.metro.ca/en/online-grocery/search-page-352
METROGO!,Ham Spread Wheat Sandwich,140 g,"$4.29
 ea.",,$3.06 /100g,,,https://product-images.metro.ca/images/h1e/h91/11926788079646.jpg,https://www.metro.ca/en/online-grocery/search-page-352
METROGO!,Egg Spread Wheat Sandwich,140 g,"$4.29
 ea.",,$3.06 /100g,,,https://product-images.metro.ca/images/had/ha2/11926777856030.jpg,https://www.metro.ca/en/online-grocery/search-page-352
METROGO!,"Garden Salad, Value Pack",,"$7.56
 avg. ea.",(400 g avg.),$18.90 /kg$8.57 /lb.,,,,https://www.metro.ca/en/online-grocery/search-page-352
METROGO!,"Spring Pasta Salad, Value Pack",,"$5.91
 avg. ea.",(350 g avg.),$16.90 /kg$7.67 /lb.,,,,https://www.metro.ca/en/online-grocery/search-page-352
METROGO!,Beef Tournedos And Pork Chops BBQ Duo,,"$15.85
 avg. ea.",(900 g avg.),$17.61 /kg$7.99 /lb.,,,https://product-images.metro.ca/images/h48/h3a/9993711157278.jpg,https://www.metro.ca/en/online-grocery/search-page-352
THÉBERGE,Sliced Old Fashioned Smoked Ham,2 per tray,"$8.81
 avg. ea.",(400 g avg.),$22.02 /kg$9.99 /lb.,,,https://product-images.metro.ca/images/h94/h01/9899410128926.jpg,https://www.metro.ca/en/online-grocery/search-page-352
MERIT,Oatmeal And Raisin Cookies,15x39 g,"$7.79
 ea.",,$1.33 /100g,,,https://www.metro.ca/images/shared/placeholders/icon-no-picture.svg?v=2023.71.1.d1,https://www.metro.ca/en/online-grocery/search-page-352
MERIT,Oatmeal And Chocolate Chips Cookies,15x39 g,"$7.79
 ea.",,$1.33 /100g,,,https://www.metro.ca/images/shared/placeholders/icon-no-picture.svg?v=2023.71.1.d1,https://www.metro.ca/en/online-grocery/search-page-352
,Cap Off Top Sirloin Picanha Steak,,"$26.44
 avg. ea.",(800 g avg.),$33.05 /kg$14.99 /lb.,,,https://product-images.metro.ca/images/h40/h02/10203347222558.jpg,https://www.metro.ca/en/online-grocery/search-page-352
IRRESISTIBLES,Mild Marble Cheddar Cheese,,"$33.78
 avg. ea.","(1,059 g avg.)",$31.90 /kg$14.47 /lb.,,,https://product-images.metro.ca/images/h2f/he0/10834856607774.jpg,https://www.metro.ca/en/online-grocery/search-page-352
,Chocolate And Hazelnut Mini Donuts,10x25 g,"$8.49
 ea.",,$3.40 /100g,,,https://product-images.metro.ca/images/hb6/h25/11073465384990.jpg,https://www.metro.ca/en/online-grocery/search-page-352
,Red Berries Mini Donuts,10x25 g,"$8.49
 ea.",,$3.40 /100g,,,https://product-images.metro.ca/images/h02/h11/11073491599390.jpg,https://www.metro.ca/en/online-grocery/search-page-352
,Caramel Mini Donuts,10x25 g,"$8.49
 ea.",,$3.40 /100g,,,https://product-images.metro.ca/images/h97/h09/11073482620958.jpg,https://www.metro.ca/en/online-grocery/search-page-352
,Mango And Pineapple Flavoured Cakes,2x120 g,"2 / 
$14.00",,or $8.79 ea. $2.92 /100g,"Regular price
$9.49  ea.","Valid until Jan 17, 2024",https://www.metro.ca/images/shared/placeholders/icon-no-picture.svg?v=2023.71.1.d1,https://www.metro.ca/en/online-grocery/search-page-352
METROGO!,"Dill Pollock Salad, Value Pack",,"$7.92
 avg. ea.",(450 g avg.),$17.61 /kg$7.99 /lb.,"Regular price
$19.82  avg. kg","Valid until Jan 10, 2024",,https://www.metro.ca/en/online-grocery/search-page-352
METROGO!,"Sriracha Pollock And Crab Meat Salad, Value Pack",,"$9.91
 avg. ea.",(450 g avg.),$22.02 /kg$9.99 /lb.,,,,https://www.metro.ca/en/online-grocery/search-page-352
METROGO!,Scallop And Bacon Skewer,2 skewers per tray,"$13.33
 avg. ea.",(275 g avg.),$48.48 /kg$21.99 /lb.,,,https://product-images.metro.ca/images/h92/h89/11931050803230.jpg,https://www.metro.ca/en/online-grocery/search-page-352
METROGO!,Shrimp En Papillotte,,"$7.27
 avg. ea.",(250 g avg.),$24.23 /kg$10.99 /lb.,,,https://product-images.metro.ca/images/h8f/h03/11931052507166.jpg,https://www.metro.ca/en/online-grocery/search-page-352
METROGO!,Mediterranean Chicken Rice Bowl,390 g,"$11.99
 ea.",,$3.07 /100g,,,https://product-images.metro.ca/images/h2f/h68/10521762594846.jpg,https://www.metro.ca/en/online-grocery/search-page-352
METROGO!,Sesame Salmon Rice Bowl,410 g,"$11.99
 ea.",,$2.92 /100g,,,https://product-images.metro.ca/images/h38/h31/10521707413534.jpg,https://www.metro.ca/en/online-grocery/search-page-352
METROGO!,Santa Fe Beef Rice Bowl,440 g,"$11.99
 ea.",,$2.72 /100g,,,https://product-images.metro.ca/images/hf3/h89/11979668226078.jpg,https://www.metro.ca/en/online-grocery/search-page-352
METROGO!,Spinach And Feta Pizza,270 g,"$5.99
 ea.",,$2.22 /100g,,,https://product-images.metro.ca/images/hb0/hf5/10525110534174.jpg,https://www.metro.ca/en/online-grocery/search-page-352
METROGO!,Montreal-Style Smoked Meat Pizza On Naan Bread,285 g,"$5.99
 ea.",,$2.10 /100g,,,https://product-images.metro.ca/images/hf7/ha4/11926804660254.jpg,https://www.metro.ca/en/online-grocery/search-page-352
METROGO!,Mexican Chicken Pizza On Naan Bread,295 g,"$5.99
 ea.",,$2.03 /100g,,,https://product-images.metro.ca/images/h0e/h34/11926804299806.jpg,https://www.metro.ca/en/online-grocery/search-page-352
METROGO!,Bruschetta And Bocconcini Pizza On Naan Bread,270 g,"$5.99
 ea.",,$2.22 /100g,,,https://product-images.metro.ca/images/h24/ha2/10525196779550.jpg,https://www.metro.ca/en/online-grocery/search-page-352
,Triple Chocolate Cake,2x120 g,"$9.99
 ea.",,$4.16 /100g,,,https://www.metro.ca/images/shared/placeholders/icon-no-picture.svg?v=2023.71.1.d1,https://www.metro.ca/en/online-grocery/search-page-352
,Rocher Cake,2x155 g,"$9.99
 ea.",,$3.22 /100g,,,https://www.metro.ca/images/shared/placeholders/icon-no-picture.svg?v=2023.71.1.d1,https://www.metro.ca/en/online-grocery/search-page-352
,Royal Chocolate Cake,2x140 g,"$9.99
 ea.",,$3.57 /100g,,,https://www.metro.ca/images/shared/placeholders/icon-no-picture.svg?v=2023.71.1.d1,https://www.metro.ca/en/online-grocery/search-page-352
MERIT,Ciabatta Buns,4x90 g,"$4.19
 ea.",,$1.16 /100g,,,https://www.metro.ca/images/shared/placeholders/icon-no-picture.svg?v=2023.71.1.d1,https://www.metro.ca/en/online-grocery/search-page-353
ADONIS,Cheese Rolls,6 un,"$8.59
 ea.",,$1.43 /un.,,,https://www.metro.ca/images/shared/placeholders/icon-no-picture.svg?v=2023.71.1.d1,https://www.metro.ca/en/online-grocery/search-page-353
GODIVA,Chocolate And Caramel Mousse Cake,2x85 g,"2 / 
$14.00",,or $8.79 ea. $4.12 /100g,"Regular price
$9.79  ea.","Valid until Jan 17, 2024",https://www.metro.ca/images/shared/placeholders/icon-no-picture.svg?v=2023.71.1.d1,https://www.metro.ca/en/online-grocery/search-page-353
GODIVA,Chocolate And Hazelnut Mousse Cake,2x85 g,"2 / 
$14.00",,or $8.79 ea. $4.12 /100g,"Regular price
$9.79  ea.","Valid until Jan 17, 2024",https://www.metro.ca/images/shared/placeholders/icon-no-picture.svg?v=2023.71.1.d1,https://www.metro.ca/en/online-grocery/search-page-353
BAILEYS,3" Mousse Cake,2x85 g,"2 / 
$14.00",,or $8.79 ea. $4.12 /100g,"Regular price
$9.79  ea.","Valid until Jan 17, 2024",,https://www.metro.ca/en/online-grocery/search-page-353
RIVIERA,Plain Coconut Milk Vegan Yogurt,650 g,"$6.79
 ea.",,$1.04 /100g,,,https://product-images.metro.ca/images/h58/ha3/11570940870686.jpg,https://www.metro.ca/en/online-grocery/search-page-353
ALCAN,BBQ Grade Non-Stick Ultimate Grilling Aluminium Foil,1 un - 18 in,"$9.99
 ea.",,$9.99 /un.,,,https://product-images.metro.ca/images/hc3/hc5/9325711294494.jpg,https://www.metro.ca/en/online-grocery/search-page-353
MIKES,Frozen Linguine Carbonara,250 g,"$4.99
 ea.",,$2.00 /100g,,,https://product-images.metro.ca/images/h4a/h44/11412607860766.jpg,https://www.metro.ca/en/online-grocery/search-page-353
RIVIERA,Vanilla Coconut Milk Vegan Yogurt,650 g,"$6.79
 ea.",,$1.04 /100g,,,https://product-images.metro.ca/images/h11/h70/11570939002910.jpg,https://www.metro.ca/en/online-grocery/search-page-353
,Green Pepper,,"$1.81
 avg. ea.",(275 g avg.),$6.59 /kg$2.99 /lb.,"Regular price
$7.69  avg. kg","Valid until Jan 10, 2024",https://product-images.metro.ca/images/h52/hbe/9246490230814.jpg,https://www.metro.ca/en/online-grocery/search-page-353
METROGO!,Marinated Atlantic Salmon Fillet,,"$11.57
 avg. ea.",(250 g avg.),$46.27 /kg$20.99 /lb.,,,https://product-images.metro.ca/images/hc7/hff/11930959478814.jpg,https://www.metro.ca/en/online-grocery/search-page-353
SELECTION,BBQ Wieners,450 g,"$3.99
 ea.",,$0.89 /100g,"Regular price
$4.49  ea.","Valid until Jan 17, 2024",https://product-images.metro.ca/images/h96/h0c/11117271482398.jpg,https://www.metro.ca/en/online-grocery/search-page-353
SELECTION,Hot Dog Buns,12 un,"$2.99
 ea.",,$0.25 /un.,"Regular price
$3.79  ea.","Valid until Jan 10, 2024",https://product-images.metro.ca/images/h21/h77/9751102521374.jpg,https://www.metro.ca/en/online-grocery/search-page-353
,Ribeye Pork Chops,3 per tray,"$5.55
 avg. ea.",(350 g avg.),$15.85 /kg$7.19 /lb.,,,https://product-images.metro.ca/images/h50/h3d/9246463066142.jpg,https://www.metro.ca/en/online-grocery/search-page-353
,"Butterfly Pork Chops, Value Pack",3 chops per tray,"$13.47
 avg. ea.",(900 g avg.),$14.97 /kg$6.79 /lb.,,,https://product-images.metro.ca/images/hde/h3f/9246382293022.jpg,https://www.metro.ca/en/online-grocery/search-page-353
METROGO!,Marinatd Chicken Skewers With Vegetables,2 brochettes per tray,"$12.72
 avg. ea.",(525 g avg.),$24.23 /kg$10.99 /lb.,"Regular price
$14.22  avg. ea.","Valid until Jan 10, 2024",https://product-images.metro.ca/images/he4/hde/11930959511582.jpg,https://www.metro.ca/en/online-grocery/search-page-353
METROGO!,Mild Italian Sausages,3 sausages per tray,"$6.43
 avg. ea.",(400 g avg.),$16.07 /kg$7.29 /lb.,,,https://product-images.metro.ca/images/hba/hd2/9246378786846.jpg,https://www.metro.ca/en/online-grocery/search-page-353
,Nantes Carrots,454 g,"$3.99
 ea.",,$0.88 /100g,,"Valid until Jan 10, 2024",https://product-images.metro.ca/images/hea/h32/9246467620894.jpg,https://www.metro.ca/en/online-grocery/search-page-353
,Boneless Trimmed Chicken Breast,,"$6.94
 avg. ea.",(350 g avg.),$19.82 /kg$8.99 /lb.,"Regular price
$20.92  avg. kg","Valid until Jan 10, 2024",https://product-images.metro.ca/images/hca/h58/9246462148638.jpg,https://www.metro.ca/en/online-grocery/search-page-353
,"Boneless Center-Cut Pork Chops, Value Pack",6 chops per tray,"$13.47
 avg. ea.",(900 g avg.),$14.97 /kg$6.79 /lb.,,,https://product-images.metro.ca/images/ha5/h98/9246466703390.jpg,https://www.metro.ca/en/online-grocery/search-page-353
MONSTER,Pacific Punch Energy Drink,473 mL,"2 / 
$5.50",,$0.58 /100ml,"Regular price
$3.99  ea.","Valid until Jan 24, 2024",https://product-images.metro.ca/images/hfe/hb0/10495867879454.jpg,https://www.metro.ca/en/online-grocery/search-page-353
IRRESISTIBLES,Monterey Jack Cheese Slices,180 g,"$6.79
 ea.",,$3.77 /100g,"Regular price
$6.99  ea.","Valid until Jan 10, 2024",https://product-images.metro.ca/images/h13/h54/11257098436638.jpg,https://www.metro.ca/en/online-grocery/search-page-353
PLATINUM,AAA Platinum Angus Beef Picanha Steaks,2 steaks per tray,"$9.92
 avg. ea.",(300 g avg.),$33.05 /kg$14.99 /lb.,"Regular price
$39.66  avg. kg","Valid until Jan 10, 2024",https://product-images.metro.ca/images/h03/h9f/9249739735070.jpg,https://www.metro.ca/en/online-grocery/search-page-353
IRRESISTIBLES,Lactose-Free Swiss Cheese Slices,160 g,"$6.79
 ea.",,$4.24 /100g,"Regular price
$6.99  ea.","Valid until Jan 10, 2024",https://product-images.metro.ca/images/h03/h8a/10029188087838.jpg,https://www.metro.ca/en/online-grocery/search-page-353
IRRESISTIBLES,Havarti Cheese Slices,170 g,"$6.79
 ea.",,$3.99 /100g,"Regular price
$6.99  ea.","Valid until Jan 10, 2024",https://product-images.metro.ca/images/h35/h31/11257102467102.jpg,https://www.metro.ca/en/online-grocery/search-page-353
IRRESISTIBLES,Provolone Cheese Slices,180 g,"$6.79
 ea.",,$3.77 /100g,"Regular price
$6.99  ea.","Valid until Jan 10, 2024",https://product-images.metro.ca/images/h0e/h3a/11257103908894.jpg,https://www.metro.ca/en/online-grocery/search-page-353
METROGO!,Seasoned Ribeye Pork Chops,3 chops per tray,"$6.78
 avg. ea.",(400 g avg.),$16.95 /kg$7.69 /lb.,,,https://product-images.metro.ca/images/h80/ha3/9249696874526.jpg,https://www.metro.ca/en/online-grocery/search-page-353
METROGO!,Marinated Pork Tenderloin Skewers,2 bochettes per tray,"$10.90
 avg. ea.",(450 g avg.),$24.23 /kg$10.99 /lb.,"Regular price
$12.19  avg. ea.","Valid until Jan 10, 2024",https://product-images.metro.ca/images/hdb/hbe/11259041579038.jpg,https://www.metro.ca/en/online-grocery/search-page-353
METROGO!,Pork Tenderloin Stuffed With Brie And Cranberries,,"$7.92
 avg. ea.",(450 g avg.),$17.61 /kg$7.99 /lb.,"Regular price
$22.02  avg. kg","Valid until Jan 10, 2024",https://product-images.metro.ca/images/h3d/h42/9249690746910.jpg,https://www.metro.ca/en/online-grocery/search-page-353
METROGO!,Asparagus And Cheese-Stuffed Chicken Breast,,"$6.94
 avg. ea.",(300 g avg.),$23.13 /kg$10.49 /lb.,"Regular price
$24.23  avg. kg","Valid until Jan 10, 2024",https://product-images.metro.ca/images/he7/hc8/9249714470942.jpg,https://www.metro.ca/en/online-grocery/search-page-353
METROGO!,Seasoned Pork Tenderloin,,"$5.45
 avg. ea.",(450 g avg.),$12.10 /kg$5.49 /lb.,"Regular price
$9.41  avg. ea.","Valid until Jan 10, 2024",https://product-images.metro.ca/images/h25/hd7/9249775484958.jpg,https://www.metro.ca/en/online-grocery/search-page-354
METROGO!,Marinated Beef Skewers With Vegetables,2 brochettes per tray,"$12.12
 avg. ea.",(500 g avg.),$24.23 /kg$10.99 /lb.,"Regular price
$13.55  avg. ea.","Valid until Jan 10, 2024",https://product-images.metro.ca/images/h44/h29/11351664328734.jpg,https://www.metro.ca/en/online-grocery/search-page-354
METROGO!,Merguez Sausages,6 sausages per tray,"$6.43
 avg. ea.",(400 g avg.),$16.07 /kg$7.29 /lb.,,,https://product-images.metro.ca/images/h23/h8d/9249739669534.jpg,https://www.metro.ca/en/online-grocery/search-page-354
METROGO!,Seasoned Boneless And Trimmed Chicken Breast,,"$7.38
 avg. ea.",(335 g avg.),$22.02 /kg$9.99 /lb.,"Regular price
$7.75  avg. ea.","Valid until Jan 10, 2024",https://product-images.metro.ca/images/ha5/h99/11521182203934.jpg,https://www.metro.ca/en/online-grocery/search-page-354
METROGO!,Honey And Garlic Sausages,3 sausages per tray,"$6.43
 avg. ea.",(400 g avg.),$16.07 /kg$7.29 /lb.,,,https://product-images.metro.ca/images/h44/hee/9249585233950.jpg,https://www.metro.ca/en/online-grocery/search-page-354
METROGO!,Pork Tenderloin Stuffed With Asparagus And Cheese,,"$7.92
 avg. ea.",(450 g avg.),$17.61 /kg$7.99 /lb.,"Regular price
$22.02  avg. kg","Valid until Jan 10, 2024",https://product-images.metro.ca/images/h41/h42/9249698709534.jpg,https://www.metro.ca/en/online-grocery/search-page-354
METROGO!,"Vegetables, Cheese And Ham Stuffed Beef Pinwheel",2 per tray,"$6.94
 avg. ea.",(300 g avg.),$23.13 /kg$10.49 /lb.,"Regular price
$24.23  avg. kg","Valid until Jan 10, 2024",https://product-images.metro.ca/images/hb6/h21/9249741635614.jpg,https://www.metro.ca/en/online-grocery/search-page-354
METROGO!,Marinated French Steak,,"$6.61
 avg. ea.",(250 g avg.),$26.43 /kg$11.99 /lb.,"Regular price
$7.00  avg. ea.","Valid until Jan 10, 2024",https://product-images.metro.ca/images/hbd/h30/9249740816414.jpg,https://www.metro.ca/en/online-grocery/search-page-354
METROGO!,Spinach And Cheese-Stuffed Chicken Breast,,"$6.01
 avg. ea.",(260 g avg.),$23.13 /kg$10.49 /lb.,"Regular price
$24.23  avg. kg","Valid until Jan 10, 2024",https://product-images.metro.ca/images/h1e/hfa/9249742323742.jpg,https://www.metro.ca/en/online-grocery/search-page-354
METROGO!,Hot Italian Sausages,3 sausages per tray,"$6.43
 avg. ea.",(400 g avg.),$16.07 /kg$7.29 /lb.,,,https://product-images.metro.ca/images/h29/hde/9249582645278.jpg,https://www.metro.ca/en/online-grocery/search-page-354
METROGO!,Cheese And Bacon Sausages,3 sausages per tray,"$6.43
 avg. ea.",(400 g avg.),$16.07 /kg$7.29 /lb.,,,https://product-images.metro.ca/images/hee/h7c/9249584283678.jpg,https://www.metro.ca/en/online-grocery/search-page-354
METROGO!,"Boneless Seasoned Pork Chops, Center Cut",4 chops per tray,"$6.36
 avg. ea.",(375 g avg.),$16.95 /kg$7.69 /lb.,,,,https://www.metro.ca/en/online-grocery/search-page-354
METROGO!,Atlantic Salmon Tournedos With Panko Shrimp,,"$11.57
 avg. ea.",(250 g avg.),$46.27 /kg$20.99 /lb.,,,https://product-images.metro.ca/images/hb5/h8f/12216209571870.jpg,https://www.metro.ca/en/online-grocery/search-page-354
METROGO!,Sriracha Pollock And Crab Meat-Stuffed Salmon Tournedos,1 per tray,"$11.57
 avg. ea.",(250 g avg.),$46.27 /kg$20.99 /lb.,,,https://product-images.metro.ca/images/he4/he3/12216207671326.jpg,https://www.metro.ca/en/online-grocery/search-page-354
METROGO!,Salmon Fillet With Shrimp,,"$9.25
 avg. ea.",(200 g avg.),$46.27 /kg$20.99 /lb.,,,https://product-images.metro.ca/images/ha5/h7f/12216215306270.jpg,https://www.metro.ca/en/online-grocery/search-page-354
METROGO!,Vegetable-Stuffed Atlantic Salmon Tournedos,,"$11.57
 avg. ea.",(250 g avg.),$46.27 /kg$20.99 /lb.,,,https://product-images.metro.ca/images/hcd/h2f/11954551586846.jpg,https://www.metro.ca/en/online-grocery/search-page-354
METROGO!,"Marinated Salmon Fillets, Value Pack",,"$19.83
 avg. ea.",(500 g avg.),$39.66 /kg$17.99 /lb.,,,,https://www.metro.ca/en/online-grocery/search-page-354
METROGO!,General Tao Marinated Salmon Fillet,,"$11.57
 avg. ea.",(250 g avg.),$46.27 /kg$20.99 /lb.,,,https://product-images.metro.ca/images/he6/hda/9249863893022.jpg,https://www.metro.ca/en/online-grocery/search-page-354
IRRESISTIBLES,Frozen Pomegranate Arils,400 g,"3 / 
$12.99",,or $5.99 ea. $1.08 /100g,,"Valid until Feb 14, 2024",https://product-images.metro.ca/images/h77/hdc/9910475358238.jpg,https://www.metro.ca/en/online-grocery/search-page-354
METROGO!,"Seasoned BBQ Boneless Pork Chops, Value Pack",6 chops per tray,"$22.19
 avg. ea.","(1,400 g avg.)",$15.85 /kg$7.19 /lb.,,,,https://www.metro.ca/en/online-grocery/search-page-354
SELECTION,Hot Dog Buns,12 un,"$2.99
 ea.",,$0.25 /un.,"Regular price
$3.79  ea.","Valid until Jan 10, 2024",https://product-images.metro.ca/images/hdf/hde/9751014834206.jpg,https://www.metro.ca/en/online-grocery/search-page-354
LINDT,"95% Cacao Dark Chocolate Bar, Excellence",80 g,"$5.29
 ea.",,$6.61 /100g,,"Valid until Jan 10, 2024",,https://www.metro.ca/en/online-grocery/search-page-354
IÖGO,"1% Cherry Flavoured Drinkable Yogurt, Nanö",6x93 mL,"$5.79
 ea.",,$1.04 /100ml,,,,https://www.metro.ca/en/online-grocery/search-page-354
ZIPLOC,Medium Freezer Bags,75 un,"$12.49
 ea.",,$0.17 /un.,"Regular price
$13.99  ea.","Valid until Feb 7, 2024",https://product-images.metro.ca/images/h93/hf4/11665458724894.jpg,https://www.metro.ca/en/online-grocery/search-page-354
LA CAGE,Classic Burger Spices,150 g,"$5.49
 ea.",,$3.66 /100g,"Regular price
$5.99  ea.","Valid until Feb 7, 2024",https://product-images.metro.ca/images/h27/h32/9265239621662.jpg,https://www.metro.ca/en/online-grocery/search-page-354
LA CAGE,Bbq Chicken Spices,150 g,"$5.49
 ea.",,$3.66 /100g,"Regular price
$5.99  ea.","Valid until Feb 7, 2024",https://product-images.metro.ca/images/hcd/ha5/9265275895838.jpg,https://www.metro.ca/en/online-grocery/search-page-354
LA CAGE,Montreal Steak Spices,150 g,"$5.49
 ea.",,$3.66 /100g,"Regular price
$5.99  ea.","Valid until Feb 7, 2024",https://product-images.metro.ca/images/h10/hf3/9264657104926.jpg,https://www.metro.ca/en/online-grocery/search-page-354
SILVER HILLS BAKERY,"Organic Sesame And Sunflower Bagels, Sprouted Power™",400 g,"$7.49
 ea.",,$1.87 /100g,,,,https://www.metro.ca/en/online-grocery/search-page-354
IRRESISTIBLES,Frozen Chocolate Caramel Pecan Cream Pie,830 g,"$12.99
 ea.",,$1.57 /100g,"Regular price
$14.49  ea.","Valid until Jan 10, 2024",https://product-images.metro.ca/images/h37/hbc/9639074234398.jpg,https://www.metro.ca/en/online-grocery/search-page-354
SELECTION,Cinnamon Squares Cereals,600 g,"$4.99
 ea.",,$0.83 /100g,"Regular price
$5.49  ea.","Valid until Feb 7, 2024",https://product-images.metro.ca/images/h84/h1b/11521477476382.jpg,https://www.metro.ca/en/online-grocery/search-page-354
MCCAFÉ,Premium Medium Dark Roast Fine Ground Coffee,950 g,"$23.99
 ea.",,$2.53 /100g,,,https://product-images.metro.ca/images/h46/hf0/11509513388062.jpg,https://www.metro.ca/en/online-grocery/search-page-355
POST,"Timbits® Birthday Cake Flavoured Cereal, Tim Hortons",311 g,"$5.79
 ea.",,$1.86 /100g,,,,https://www.metro.ca/en/online-grocery/search-page-355
TRISCUIT,Sea Salt Flavoured Crackers,354 g,"$6.49
 ea.",,$1.83 /100g,,,https://product-images.metro.ca/images/h63/h9c/11432825946142.jpg,https://www.metro.ca/en/online-grocery/search-page-355
ST. IVES,Pink Lemon And Mandarin Scented Exfoliating Body Wash,650 ml,"$8.49
 ea.",,$1.31 /100ml,,,https://product-images.metro.ca/images/hc4/h34/11094928556062.jpg,https://www.metro.ca/en/online-grocery/search-page-355
IRRESISTIBLES,Coarse Pink Himalayan Salt,750 g,"$4.49
 ea.",,$0.60 /100g,"Regular price
$4.99  ea.","Valid until Feb 7, 2024",https://product-images.metro.ca/images/h24/h63/9647635595294.jpg,https://www.metro.ca/en/online-grocery/search-page-355
LIFE SMART,"Chocolate Flavoured Cake Mix, Gluten Free",543 g,"$7.29
 ea.",,$1.46 /100g,,,,https://www.metro.ca/en/online-grocery/search-page-355
LIFE SMART,"Chocolate Brownie Mix, Gluten Free",500 g,"$5.49
 ea.",,$1.10 /100g,"Regular price
$6.49  ea.","Valid until Feb 7, 2024",,https://www.metro.ca/en/online-grocery/search-page-355
LIFE SMART,"White Cake Mix, Gluten Free",500 g,"$7.29
 ea.",,$1.46 /100g,,,,https://www.metro.ca/en/online-grocery/search-page-355
LIFE SMART,"Pancake Mix, Gluten Free",400 g,"$3.99
 ea.",,$1.00 /100g,"Regular price
$5.79  ea.","Valid until Feb 7, 2024",,https://www.metro.ca/en/online-grocery/search-page-355
DOVE,Unscented Sensitive Skin Soap Bar,3x106 g,"$7.79
 ea.",,$2.45 /100g,,,https://product-images.metro.ca/images/h5b/hcf/11857626071070.jpg,https://www.metro.ca/en/online-grocery/search-page-355
SELECTION,Old-Fashioned Smoked Ham,175 g,"$5.99
 ea.",,$3.42 /100g,,,https://product-images.metro.ca/images/hb4/h95/9647930507294.jpg,https://www.metro.ca/en/online-grocery/search-page-355
MISS VICKIE'S,"Original Recipe Kettle Cooked Chips, Value Pack",275 g,"$5.99
 ea.",,$2.18 /100g,,,,https://www.metro.ca/en/online-grocery/search-page-355
QUAKER,"Honey Almonds And Granola Clusters Cereal, Harvest C...",475 g,"$6.49
 ea.",,$1.37 /100g,,,,https://www.metro.ca/en/online-grocery/search-page-355
LAY'S,"Sea Salt Flavoured Potato Snack, Poppables",130 g,"2 / 
$7.50",,$2.88 /100g,"Regular price
$4.49  ea.","Valid until Jan 10, 2024",,https://www.metro.ca/en/online-grocery/search-page-355
BLACK DIAMOND,White Medium Cheddar Cheese,400 g,"$6.99
 ea.",,$1.75 /100g,"Regular price
$7.49  ea.","Valid until Feb 14, 2024",https://product-images.metro.ca/images/he3/hea/9528303419422.jpg,https://www.metro.ca/en/online-grocery/search-page-355
LAY'S,"Honey BBQ Flavoured Potato Snacks, Poppables",130 g,"2 / 
$7.50",,$2.88 /100g,"Regular price
$4.49  ea.","Valid until Jan 10, 2024",,https://www.metro.ca/en/online-grocery/search-page-355
RUFFLES,Sour Cream And Onion Chips,200 g,"2 / 
$8.50",,or $4.99 ea. $2.13 /100g,,"Valid until Jan 24, 2024",https://product-images.metro.ca/images/ha1/h2a/11685155831838.jpg,https://www.metro.ca/en/online-grocery/search-page-355
LAY'S,"Old Fashioned Bar-B-Q Flavoured Chips, Value Pack",235 g,"2 / 
$7.50",,$1.60 /100g,"Regular price
$4.49  ea.","Valid until Jan 10, 2024",,https://www.metro.ca/en/online-grocery/search-page-355
LAY'S,"Classic Flavour Chips, Party Size",415 g,"$5.99
 ea.",,$1.44 /100g,,,,https://www.metro.ca/en/online-grocery/search-page-355
LAY'S,"Smokey Bacon Flavoured Chips, Value Pack",235 g,"2 / 
$7.50",,$1.60 /100g,"Regular price
$4.49  ea.","Valid until Jan 10, 2024",,https://www.metro.ca/en/online-grocery/search-page-355
RUFFLES,All Dressed Flavoured Chips,200 g,"2 / 
$8.50",,or $4.99 ea. $2.13 /100g,,"Valid until Jan 24, 2024",https://product-images.metro.ca/images/hfa/hbd/11643020148766.jpg,https://www.metro.ca/en/online-grocery/search-page-355
LAY'S,"White Cheddar Flavoured Potato Snack, Poppables",130 g,"2 / 
$7.50",,$2.88 /100g,"Regular price
$4.49  ea.","Valid until Jan 10, 2024",,https://www.metro.ca/en/online-grocery/search-page-355
SELECTION,Shaved Cooked Ham,175 g,"$5.99
 ea.",,$3.42 /100g,,,https://product-images.metro.ca/images/h4f/hd4/9383718322206.jpg,https://www.metro.ca/en/online-grocery/search-page-355
LAY'S,"Original Chips, Value Pack, Wavy",235 g,"2 / 
$7.50",,$1.60 /100g,"Regular price
$4.49  ea.","Valid until Jan 10, 2024",,https://www.metro.ca/en/online-grocery/search-page-355
LAY'S,"Lightly Salted Original Flavour Chips Value Pack, Wavy",235 g,"2 / 
$7.50",,$1.60 /100g,"Regular price
$4.49  ea.","Valid until Jan 10, 2024",,https://www.metro.ca/en/online-grocery/search-page-355
LAY'S,"Salt And Vinegar Flavoured Chips, Value Pack",235 g,"2 / 
$7.50",,$1.60 /100g,"Regular price
$4.49  ea.","Valid until Jan 10, 2024",,https://www.metro.ca/en/online-grocery/search-page-355
RUFFLES,"All Dressed Flavoured Chips, Party Pack",350 g,"$5.99
 ea.",,$1.71 /100g,,,,https://www.metro.ca/en/online-grocery/search-page-355
AHA,Lime And Watermelon Flavoured Sparkling Water,12x355 mL,"$6.99
 ea.",,$0.16 /100ml,"Regular price
$7.99  ea.","Valid until Feb 7, 2024",https://product-images.metro.ca/images/hde/h32/10495878430750.jpg,https://www.metro.ca/en/online-grocery/search-page-355
ARCHIBALD,"West Coast IPA Beer, La Belle Mer",473 mL - can,"$3.99
 ea.",,$0.84 /100ml,,,,https://www.metro.ca/en/online-grocery/search-page-355
DRUMSTICK,"Double Chocolate Flavoured Mini Dessert Cones, Minis",6x63 mL,"$5.99
 ea.",,$1.58 /100ml,"Regular price
$8.79  ea.","Valid until Jan 24, 2024",,https://www.metro.ca/en/online-grocery/search-page-355
DRUMSTICK,Vanilla And Caramel Frozen Mini Dessert Cones,6x63 mL,"$5.99
 ea.",,$1.58 /100ml,"Regular price
$8.79  ea.","Valid until Jan 24, 2024",https://product-images.metro.ca/images/h21/hec/10184197996574.jpg,https://www.metro.ca/en/online-grocery/search-page-356
HÄAGEN-DAZS,Ruby Cacao Flavoured Ice Cream Bars,3x72 mL,"$4.99
 ea.",,$2.31 /100ml,"Regular price
$6.69  ea.","Valid until Jan 24, 2024",https://product-images.metro.ca/images/h77/h11/11412624539678.jpg,https://www.metro.ca/en/online-grocery/search-page-356
DOVE,Revive Pomegranate And Lemon Verbena Scented Soap Ba...,3x106 g,"$7.79
 ea.",,$2.45 /100g,,,,https://www.metro.ca/en/online-grocery/search-page-356
NESTLÉ,"Milk Mousse Chocolate Truffle™ Bar, Aero",105 g,"$2.49
 ea.",,$2.37 /100g,"Regular price
$3.49  ea.","Valid until Jan 10, 2024",,https://www.metro.ca/en/online-grocery/search-page-356
SOFTSOAP,Juicy Pomegranate And Mango Moisturizing Body Wash,591 mL,"$6.99
 ea.",,$1.18 /100ml,,,https://product-images.metro.ca/images/h7c/h08/12175016296478.jpg,https://www.metro.ca/en/online-grocery/search-page-356
SOFTSOAP,Coconut Butter Scrub Exfoliating Body Wash,591 mL,"$6.99
 ea.",,$1.18 /100ml,,,https://product-images.metro.ca/images/h31/h0a/11374934392862.jpg,https://www.metro.ca/en/online-grocery/search-page-356
LAY'S,"Original Flavour Chips Value Pack, Wavy",415 g,"$5.99
 ea.",,$1.44 /100g,,,,https://www.metro.ca/en/online-grocery/search-page-356
LAY'S,"Hickory Barbecue Flavoured Chips Value Pack, Wavy",220 g,"2 / 
$7.50",,$1.70 /100g,"Regular price
$4.49  ea.","Valid until Jan 10, 2024",,https://www.metro.ca/en/online-grocery/search-page-356
LAY'S,"Cheddar And Sour Cream Flavoured Chips Value Pack, Wavy",220 g,"2 / 
$7.50",,$1.70 /100g,"Regular price
$4.49  ea.","Valid until Jan 10, 2024",,https://www.metro.ca/en/online-grocery/search-page-356
MISS VICKIE'S,"Sea Salt And Malt Vinegar Kettle Cooked Chips, Value...",275 g,"$5.99
 ea.",,$2.18 /100g,,,,https://www.metro.ca/en/online-grocery/search-page-356
LAY'S,"Salt And Vinegar Flavoured Chips Value Pack, Wavy",220 g,"2 / 
$7.50",,$1.70 /100g,"Regular price
$4.49  ea.","Valid until Jan 10, 2024",,https://www.metro.ca/en/online-grocery/search-page-356
LAY'S,"Roast Chicken Flavoured Chips, Value Pack",235 g,"2 / 
$7.50",,$1.60 /100g,"Regular price
$4.49  ea.","Valid until Jan 10, 2024",,https://www.metro.ca/en/online-grocery/search-page-356
LAY'S,"Lightly Salted Classic Flavour Chips, Value Pack",235 g,"2 / 
$7.50",,$1.60 /100g,"Regular price
$4.49  ea.","Valid until Jan 10, 2024",,https://www.metro.ca/en/online-grocery/search-page-356
LAY'S,"Lightly Salted Bar-B-Q Flavoured Chips, Value Pack",235 g,"2 / 
$7.50",,$1.60 /100g,"Regular price
$4.49  ea.","Valid until Jan 10, 2024",,https://www.metro.ca/en/online-grocery/search-page-356
HÄAGEN-DAZS,"Salted Caramel Brownie Flavoured Ice Cream Bars, Ext...",3x72 mL,"$4.99
 ea.",,$2.31 /100ml,"Regular price
$6.69  ea.","Valid until Jan 24, 2024",,https://www.metro.ca/en/online-grocery/search-page-356
LAY'S,"Bar-B-Q Flavoured Chips, Value Pack",235 g,"2 / 
$7.50",,$1.60 /100g,"Regular price
$4.49  ea.","Valid until Jan 10, 2024",,https://www.metro.ca/en/online-grocery/search-page-356
RUFFLES,"Regular Flavour Chips, Party Pack",350 g,"$5.99
 ea.",,$1.71 /100g,,,,https://www.metro.ca/en/online-grocery/search-page-356
BECEL,Margarine With Olive Oil,427 g,"$4.99
 ea.",,$1.17 /100g,"Regular price
$5.49  ea.","Valid until Feb 14, 2024",https://product-images.metro.ca/images/hc9/hff/10529637203998.jpg,https://www.metro.ca/en/online-grocery/search-page-356
ARIZONA,Zero Calorie Green Iced Tea With Ginseng,960 mL,"$2.39
 ea.",,$0.25 /100ml,,,https://product-images.metro.ca/images/had/h68/10967821549598.jpg,https://www.metro.ca/en/online-grocery/search-page-356
PLANTERS,Bbq Flavoured Peanuts,475 g,"$5.99
 ea.",,$1.26 /100g,,,https://product-images.metro.ca/images/h3a/h1f/10189841760286.jpg,https://www.metro.ca/en/online-grocery/search-page-356
OREO,"Birthday Cake Flavoured Chocolate Sandwich Cookies, ...",482 g,"$4.49
 ea.",,$0.93 /100g,"Regular price
$5.99  ea.","Valid until Jan 10, 2024",,https://www.metro.ca/en/online-grocery/search-page-356
PLANTERS,Salted Roasted Peanuts,475 g,"$5.99
 ea.",,$1.26 /100g,,,https://product-images.metro.ca/images/h4c/h92/9999523807262.jpg,https://www.metro.ca/en/online-grocery/search-page-356
NESTLÉ,"Chunky Chocolate Bars, Kit Kat",4x49 g,"$5.99
 ea.",,$3.06 /100g,,,,https://www.metro.ca/en/online-grocery/search-page-356
RUFFLES,Bar-B-Q Flavoured Chips,200 g,"2 / 
$8.50",,or $4.99 ea. $2.13 /100g,,"Valid until Jan 24, 2024",https://product-images.metro.ca/images/h79/heb/11627159814174.jpg,https://www.metro.ca/en/online-grocery/search-page-356
RUFFLES,Sour Cream 'N Bacon Flavoured Chips,200 g,"2 / 
$8.50",,or $4.99 ea. $2.13 /100g,,"Valid until Jan 24, 2024",https://product-images.metro.ca/images/hd7/h0e/12279487070238.jpg,https://www.metro.ca/en/online-grocery/search-page-356
MOTT'S,"Jalapeno Flavoured Clam Cocktail, Clamato Reserve",1 L,"$4.79
 ea.",,$0.48 /100ml,"Regular price
$6.99  ea.","Valid until Jan 24, 2024",,https://www.metro.ca/en/online-grocery/search-page-356
IRRESISTIBLES,Blueberry Pie,750 g,"$7.99
 ea.",,$1.07 /100g,"Regular price
$10.49  ea.","Valid until Jan 10, 2024",https://product-images.metro.ca/images/hff/hb9/11521561526302.jpg,https://www.metro.ca/en/online-grocery/search-page-356
IRRESISTIBLES,Strawberry-Rhubarb Pie,750 g,"$7.99
 ea.",,$1.07 /100g,"Regular price
$10.49  ea.","Valid until Jan 10, 2024",https://product-images.metro.ca/images/h33/hb5/11521566769182.jpg,https://www.metro.ca/en/online-grocery/search-page-356
AHA,Peach And Honey Flavoured Sparkling Water,12x355 mL,"$6.99
 ea.",,$0.16 /100ml,"Regular price
$7.99  ea.","Valid until Feb 7, 2024",https://product-images.metro.ca/images/h3a/h09/10495878889502.jpg,https://www.metro.ca/en/online-grocery/search-page-356
AHA,Blueberry And Pomegranate Flavoured Sparkling Water,12x355 mL,"$6.99
 ea.",,$0.16 /100ml,"Regular price
$7.99  ea.","Valid until Feb 7, 2024",https://product-images.metro.ca/images/h0f/h1d/10495880724510.jpg,https://www.metro.ca/en/online-grocery/search-page-356
GLACÉAU,"Antioxidant Vitamin Water, Smartwater",1 L,"2 / 
$6.00",,$0.30 /100ml,"Regular price
$3.69  ea.","Valid until Feb 7, 2024",,https://www.metro.ca/en/online-grocery/search-page-357
RUFFLES,Regular Flavour Chips,200 g,"2 / 
$8.50",,or $4.99 ea. $2.13 /100g,,"Valid until Jan 24, 2024",https://product-images.metro.ca/images/hb1/hb5/11685159338014.jpg,https://www.metro.ca/en/online-grocery/search-page-357
NATURE VALLEY,"Maple And Brown Sugar Crunchy Granola Bars, Crunchy",210 g,"2 / 
$6.00",,or $3.99 ea. $1.43 /100g,,"Valid until Feb 7, 2024",,https://www.metro.ca/en/online-grocery/search-page-357
BRISK,Blackberry Flavoured Iced Tea,710 mL,"$1.29
 ea.",,$0.18 /100ml,,,https://product-images.metro.ca/images/hfd/h3b/10189855686686.jpg,https://www.metro.ca/en/online-grocery/search-page-357
KEEP CALM,"Strawberry Flavoured Wine Beverage, & Live",750 mL,"$8.79
 ea.",,$1.17 /100ml,,,,https://www.metro.ca/en/online-grocery/search-page-357
LAMBERT,Gluten Free Strawberry Flavoured Frozen Yogourt,500 mL,"$2.99
 ea.",,$0.60 /100ml,"Regular price
$3.49  ea.","Valid until Feb 14, 2024",https://product-images.metro.ca/images/hc7/hd9/10777147670558.jpg,https://www.metro.ca/en/online-grocery/search-page-357
LAMBERT,Gluten Free Capuccino Fudge Flavoured Ice Cream,500 mL,"$2.99
 ea.",,$0.60 /100ml,"Regular price
$3.49  ea.","Valid until Feb 14, 2024",https://product-images.metro.ca/images/hc6/he1/10777147473950.jpg,https://www.metro.ca/en/online-grocery/search-page-357
POPCORNERS,Sweet And Salty Popped-Corn Chips,142 g,"$4.49
 ea.",,$3.16 /100g,"Regular price
$4.99  ea.","Valid until Jan 10, 2024",https://product-images.metro.ca/images/h42/h20/10509849657374.jpg,https://www.metro.ca/en/online-grocery/search-page-357
POPCORNERS,White Cheddar Flavoured Popped-Corn Chips,142 g,"$4.49
 ea.",,$3.16 /100g,"Regular price
$4.99  ea.","Valid until Jan 10, 2024",https://product-images.metro.ca/images/hc8/h38/11432850522142.jpg,https://www.metro.ca/en/online-grocery/search-page-357
OATBOX,Organic Raspberry And Cocoa Flavoured Overnight Oats,280 g,"$6.49
 ea.",,$2.36 /100g,,,https://product-images.metro.ca/images/h1c/h33/10308132634654.jpg,https://www.metro.ca/en/online-grocery/search-page-357
OATBOX,Organic Cherry And Almond Butter Flavoured Overnight...,280 g,"$6.49
 ea.",,$2.36 /100g,,,,https://www.metro.ca/en/online-grocery/search-page-357
OATBOX,Organic Dark Chocolate Fusion And Cocoa Flavoured Gr...,640 g,"$12.49
 ea.",,$1.95 /100g,,,,https://www.metro.ca/en/online-grocery/search-page-357
OATBOX,Organic White Chocolate And Raspberry Flavoured Granola,640 g,"$12.49
 ea.",,$1.95 /100g,,,https://product-images.metro.ca/images/h4f/h34/10421746728990.jpg,https://www.metro.ca/en/online-grocery/search-page-357
FIREBARNS,Honey Mustard Flavoured Barbecue Sauce,350 mL,"$6.99
 ea.",,$2.00 /100ml,,,https://product-images.metro.ca/images/h6b/h87/10946179137566.jpg,https://www.metro.ca/en/online-grocery/search-page-357
GAIN,"Moon Light Breeze Scented Laundry Detergent Packs, F...",81 un,"$26.99
 ea.",,$0.33 /un.,,,,https://www.metro.ca/en/online-grocery/search-page-357
SILK,Unsweetened Vanilla Flavoured Oat Plant-Based Beverage,946 mL,"$3.39
 ea.",,$0.09 /100ml,,,https://product-images.metro.ca/images/h57/h86/11590784811038.jpg,https://www.metro.ca/en/online-grocery/search-page-357
SILK,Unsweetened Oat Plant-Based Beverage,946 mL,"$3.39
 ea.",,$0.09 /100ml,,,https://product-images.metro.ca/images/h72/h68/11590788448286.jpg,https://www.metro.ca/en/online-grocery/search-page-357
COCA-COLA,Cherry Flavoured Soft Drinks,12x355 mL,"$6.98
 ea.",,$1.97 /100ml,"Regular price
$7.99  ea.","Valid until Jan 10, 2024",https://product-images.metro.ca/images/h4a/h31/11320015847454.jpg,https://www.metro.ca/en/online-grocery/search-page-357
SUMMER FRESH,Dill Pickle Hummus,227 g,"$4.79
 ea.",,$2.11 /100g,,,https://product-images.metro.ca/images/h75/h04/10715523645470.jpg,https://www.metro.ca/en/online-grocery/search-page-357
ATTITUDE,Wild Flower Scented Laundry Detergent,2 L - 40 Loads,"$9.99
 ea.",,$0.50 /100ml,"Regular price
$11.49  ea.","Valid until Feb 7, 2024",https://product-images.metro.ca/images/hd9/h65/10269132292126.jpg,https://www.metro.ca/en/online-grocery/search-page-357
ATTITUDE,Citrus Zest Scented Laundry Detergent,2 L - 40 Loads,"$9.99
 ea.",,$0.50 /100ml,"Regular price
$11.49  ea.","Valid until Feb 7, 2024",https://product-images.metro.ca/images/h2b/h6a/9996476940318.jpg,https://www.metro.ca/en/online-grocery/search-page-357
ATTITUDE,Unscented Laundry Detergent,2 L - 40 Loads,"$9.99
 ea.",,$0.50 /100ml,"Regular price
$11.49  ea.","Valid until Feb 7, 2024",https://product-images.metro.ca/images/h81/h7d/10095140241438.jpg,https://www.metro.ca/en/online-grocery/search-page-357
ATTITUDE,Mountain Fresh Scented Laundry Detergent,2 L - 40 Loads,"$9.99
 ea.",,$0.50 /100ml,"Regular price
$11.49  ea.","Valid until Feb 7, 2024",https://product-images.metro.ca/images/h1d/had/10269131341854.jpg,https://www.metro.ca/en/online-grocery/search-page-357
ATTITUDE,Lavender And Thyme Scented Disinfecting All-Purpose ...,72 un,"$6.49
 ea.",,$0.09 /un.,,,,https://www.metro.ca/en/online-grocery/search-page-357
SELECTION,Sultana Raisins,750 g,"$5.79
 ea.",,$0.77 /100g,"Regular price
$6.99  ea.","Valid until Feb 7, 2024",https://product-images.metro.ca/images/h60/h1d/10123918737438.jpg,https://www.metro.ca/en/online-grocery/search-page-357
TRE STELLE,Light Cream Cheese Spread,200 g,"$4.49
 ea.",,$2.25 /100g,,,https://product-images.metro.ca/images/h53/h43/10882879815710.jpg,https://www.metro.ca/en/online-grocery/search-page-357
CASTELLO,Steak Spice Havarti Cheese,165 g,"$6.99
 ea.",,$4.24 /100g,"Regular price
$7.99  ea.","Valid until Jan 17, 2024",https://product-images.metro.ca/images/hf3/hff/12175065055262.jpg,https://www.metro.ca/en/online-grocery/search-page-357
MADEGOOD,Chocolate-Banana Granola Bites,5x24 g,"$3.99
 ea.",,$3.32 /100g,"Regular price
$4.99  ea.","Valid until Feb 7, 2024",https://product-images.metro.ca/images/h76/h24/11696066691102.jpg,https://www.metro.ca/en/online-grocery/search-page-357
TWININGS,Strawberry And Lemon Flavoured Cold Brew,30 g,"$6.99
 ea.",,$23.30 /100g,,,https://product-images.metro.ca/images/h9c/hf4/10020783456286.jpg,https://www.metro.ca/en/online-grocery/search-page-357
TWININGS,Mango And Passion Fruit Flavoured Cold Brew,30 g,"$6.99
 ea.",,$23.30 /100g,,,https://product-images.metro.ca/images/h14/hc7/10020987142174.jpg,https://www.metro.ca/en/online-grocery/search-page-357
PAM,Organic Olive Oil Cooking Spray,141 g,"$6.99
 ea.",,$4.96 /100g,"Regular price
$7.49  ea.","Valid until Feb 7, 2024",https://product-images.metro.ca/images/h79/h4c/9894867795998.jpg,https://www.metro.ca/en/online-grocery/search-page-358
P'TIT QUÉBEC,Sliced Swiss Cheese,220 g,"$5.69
 ea.",,$2.59 /100g,"Regular price
$7.49  ea.","Valid until Jan 10, 2024",https://product-images.metro.ca/images/h92/hc2/9973780643870.jpg,https://www.metro.ca/en/online-grocery/search-page-358
LIFE SMART,Unsweetened Apple And Strawberry Sauce Snacks,6x113 g,"$3.69
 ea.",,$0.54 /100g,"Regular price
$4.49  ea.","Valid until Feb 7, 2024",https://product-images.metro.ca/images/h72/hff/9973730967582.jpg,https://www.metro.ca/en/online-grocery/search-page-358
FIREBARNS,El Paso Tex-Mex Spices,125 g,"$6.99
 ea.",,$5.59 /100g,,,https://product-images.metro.ca/images/hf6/h26/10882884927518.jpg,https://www.metro.ca/en/online-grocery/search-page-358
FIREBARNS,Caribbean Jerk Spice,100 g,"$6.99
 ea.",,$6.99 /100g,,,https://product-images.metro.ca/images/h5d/hea/10882888531998.jpg,https://www.metro.ca/en/online-grocery/search-page-358
FIREBARNS,Spicy Bacon Mayonnaise,500 mL,"$6.99
 ea.",,$1.40 /100ml,,,https://product-images.metro.ca/images/h7c/h46/11571012501534.jpg,https://www.metro.ca/en/online-grocery/search-page-358
FIREBARNS,Montreal Steak Spice,135 g,"$6.99
 ea.",,$5.18 /100g,,,https://product-images.metro.ca/images/h3e/h65/10882883518494.jpg,https://www.metro.ca/en/online-grocery/search-page-358
THÉBERGE,Smoked Bone-In Pork Chops,2 per tray,"$9.91
 avg. ea.",(500 g avg.),$19.82 /kg$8.99 /lb.,"Regular price
$22.02  avg. kg","Valid until Jan 10, 2024",https://product-images.metro.ca/images/hc8/h67/12042600808478.jpg,https://www.metro.ca/en/online-grocery/search-page-358
THÉBERGE,Whiskey Sauce Smoked Bone-In Pork Chops,2 per tray,"$11.89
 avg. ea.",(600 g avg.),$19.82 /kg$8.99 /lb.,"Regular price
$22.02  avg. kg","Valid until Jan 10, 2024",https://product-images.metro.ca/images/h71/hdc/12042599071774.jpg,https://www.metro.ca/en/online-grocery/search-page-358
FIREBARNS,Cajun Spice,155 g,"$6.99
 ea.",,$4.51 /100g,,,https://product-images.metro.ca/images/hb8/h3b/10882883944478.jpg,https://www.metro.ca/en/online-grocery/search-page-358
GAIN,"Laundry Detergent Pods, Flings!",81 un,"$26.99
 ea.",,$0.33 /un.,,,,https://www.metro.ca/en/online-grocery/search-page-358
LIFE SMART,"Strawberry, Kiwi And Apple Sauce Snacks",6x133 g,"3 / 
$6.00",,or $2.99 ea. $0.29 /100g,,"Valid until Feb 7, 2024",https://product-images.metro.ca/images/h20/hb5/10200585207838.jpg,https://www.metro.ca/en/online-grocery/search-page-358
FIREBARNS,Sriracha Spicy Mayonnaise,500 mL,"$6.99
 ea.",,$1.40 /100ml,,,https://product-images.metro.ca/images/h81/h22/11571012468766.jpg,https://www.metro.ca/en/online-grocery/search-page-358
,Vegan And Gluten Free Silky Chocolate Individual Cakes,120 g,"4 / 
$14.00",,or $4.79 ea. $2.92 /100g,,"Valid until Jan 17, 2024",https://product-images.metro.ca/images/hc9/hea/11328885915678.jpg,https://www.metro.ca/en/online-grocery/search-page-358
,Vegan Raspberry-Lime Small Cake,120 g,"4 / 
$14.00",,or $4.79 ea. $2.92 /100g,,"Valid until Jan 17, 2024",https://product-images.metro.ca/images/hd6/h2e/11742195449886.jpg,https://www.metro.ca/en/online-grocery/search-page-358
VILLAGGIO,"Roasted Garlic Baguettes, Artesano",300 g,"$5.69
 ea.",,$1.90 /100g,"Regular price
$6.29  ea.","Valid until Feb 7, 2024",,https://www.metro.ca/en/online-grocery/search-page-358
HUGGIES,"Unscented Baby Wipes For Sensitive Skin, Natural Care",56 un,"$4.79
 ea.",,$0.09 /un.,,,,https://www.metro.ca/en/online-grocery/search-page-358
VILLAGGIO,"Classic White Baguettes, Artesano",300 g,"$5.69
 ea.",,$1.90 /100g,"Regular price
$6.29  ea.","Valid until Feb 7, 2024",,https://www.metro.ca/en/online-grocery/search-page-358
SELECTION,Mild Cheddar Cheese,250 g,"$5.29
 ea.",,$2.12 /100g,,,https://product-images.metro.ca/images/hef/hf3/10062275510302.jpg,https://www.metro.ca/en/online-grocery/search-page-358
LIFE SMART,"Unsweetened Original Flavour Almond Beverage, Naturalia",946 mL,"5 / 
$10.00",,or $2.69 ea. $0.21 /100ml,"Regular price
$2.89  ea.","Valid until Feb 7, 2024",,https://www.metro.ca/en/online-grocery/search-page-358
OATBOX,Organic Carrot Cake Flavoured Overnight Oats,280 g,"$6.49
 ea.",,$2.36 /100g,,,https://product-images.metro.ca/images/h40/hfb/10308134535198.jpg,https://www.metro.ca/en/online-grocery/search-page-358
METROGO!,"Greek-Style Pasta Salad, Value Pack",,"$9.39
 avg. ea.",(410 g avg.),$22.90 /kg$10.39 /lb.,"Regular price
$23.90  avg. kg","Valid until Jan 10, 2024",,https://www.metro.ca/en/online-grocery/search-page-358
METROGO!,"Quinoa, Feta And Kale Salad, Value Pack",,"$6.57
 avg. ea.",(275 g avg.),$23.90 /kg$10.84 /lb.,,,,https://www.metro.ca/en/online-grocery/search-page-358
METROGO!,"Macaroni Salad, Value Pack",,"$6.71
 avg. ea.",(450 g avg.),$14.90 /kg$6.76 /lb.,"Regular price
$15.90  avg. kg","Valid until Jan 10, 2024",,https://www.metro.ca/en/online-grocery/search-page-358
METROGO!,"Lebanese Salad, Value Pack",,"$8.66
 avg. ea.",(435 g avg.),$19.90 /kg$9.03 /lb.,,,,https://www.metro.ca/en/online-grocery/search-page-358
METROGO!,"Creamy Coleslaw, Value Pack",,"$6.26
 avg. ea.",(450 g avg.),$13.90 /kg$6.30 /lb.,"Regular price
$14.90  avg. kg","Valid until Jan 10, 2024",,https://www.metro.ca/en/online-grocery/search-page-358
LIFE SMART,"Almond Flour, Naturalia",453 g,"$12.99
 ea.",,$2.87 /100g,"Regular price
$13.99  ea.","Valid until Feb 7, 2024",,https://www.metro.ca/en/online-grocery/search-page-358
LIFE SMART,"Corn Flour, Naturalia",680 g,"$3.99
 ea.",,$0.59 /100g,"Regular price
$4.49  ea.","Valid until Feb 7, 2024",,https://www.metro.ca/en/online-grocery/search-page-358
LIFE SMART,"Coconut Flour, Organic",453 g,"$6.99
 ea.",,$1.54 /100g,,,,https://www.metro.ca/en/online-grocery/search-page-358
SILK,Barista Almond Plant-Based Beverage,946 mL,"$4.99
 ea.",,$0.53 /100ml,"Regular price
$6.79  ea.","Valid until Feb 7, 2024",https://product-images.metro.ca/images/hdc/hec/12354473590814.jpg,https://www.metro.ca/en/online-grocery/search-page-358
MADEGOOD,Strawberry Granola Bite Packs,,"$3.99
 ea.",,$3.32 /100g,"Regular price
$4.99  ea.","Valid until Feb 7, 2024",https://product-images.metro.ca/images/h77/h9f/11696067543070.jpg,https://www.metro.ca/en/online-grocery/search-page-359
LIFE SMART,"Rhubarb, Strawberry And Apple Sauce Snacks",6x113 g,"3 / 
$6.00",,or $2.99 ea. $0.29 /100g,,"Valid until Feb 7, 2024",https://product-images.metro.ca/images/hb9/h19/10200591630366.jpg,https://www.metro.ca/en/online-grocery/search-page-359
LIFE SMART,Plum And Apple Sauce Snacks,6x133 g,"3 / 
$6.00",,or $2.99 ea. $0.29 /100g,,"Valid until Feb 7, 2024",https://product-images.metro.ca/images/h5e/ha8/10200599134238.jpg,https://www.metro.ca/en/online-grocery/search-page-359
LIFE SMART,"Mango, Peach And Apple Sauce Snacks",6x113 g,"3 / 
$6.00",,or $2.99 ea. $0.29 /100g,,"Valid until Feb 7, 2024",https://product-images.metro.ca/images/h87/h78/10200600543262.jpg,https://www.metro.ca/en/online-grocery/search-page-359
LIFE SMART,Unsweetened Strawberry And Apple Sauce Snacks,6x113 g,"3 / 
$6.00",,or $2.99 ea. $0.29 /100g,,"Valid until Feb 7, 2024",https://product-images.metro.ca/images/hfb/h9e/10239228084254.jpg,https://www.metro.ca/en/online-grocery/search-page-359
TIDE,"Unscented Liquid Laundry Detergent, Free & Gentle",64 loads-2.72 L,"$16.99
 ea.",,$0.62 /100ml,"Regular price
$19.99  ea.","Valid until Feb 7, 2024",,https://www.metro.ca/en/online-grocery/search-page-359
LIFE SMART,Fruit Salad In Water Snacks,4x107 mL,"$2.49
 ea.",,$0.58 /100ml,"Regular price
$3.29  ea.","Valid until Feb 7, 2024",https://product-images.metro.ca/images/h97/h4a/10189793787934.jpg,https://www.metro.ca/en/online-grocery/search-page-359
LIFE SMART,Diced Peaches In Water Snacks,4x107 mL,"$2.49
 ea.",,$0.58 /100ml,"Regular price
$3.29  ea.","Valid until Feb 7, 2024",https://product-images.metro.ca/images/he1/h67/9746930139166.jpg,https://www.metro.ca/en/online-grocery/search-page-359
OATBOX,White Chocolate And Raspberry Flavoured Organic Granola,300 g,"$6.49
 ea.",,$2.16 /100g,,,https://product-images.metro.ca/images/h65/h1b/10308123623454.jpg,https://www.metro.ca/en/online-grocery/search-page-359
KIND,"Almond, Sea Salt And Dark Chocolate Flavoured Granol...",200 g,"$8.99
 ea.",,$4.50 /100g,"Regular price
$9.99  ea.","Valid until Feb 7, 2024",,https://www.metro.ca/en/online-grocery/search-page-359
CAFÉ WILLIAM,Zen Decaffeinated Medium Roast Ground Coffee,300 g,"$10.99
 ea.",,$3.66 /100g,"Regular price
$12.49  ea.","Valid until Feb 7, 2024",https://product-images.metro.ca/images/hbf/h38/10298898153502.jpg,https://www.metro.ca/en/online-grocery/search-page-359
IRRESISTIBLES,Frozen Bang Bang Shrimp,340 g,"$13.99
 ea.",,$4.11 /100g,,,https://product-images.metro.ca/images/he7/h66/11679737675806.jpg,https://www.metro.ca/en/online-grocery/search-page-359
STELLA ARTOIS,Belgian Blonde Lager Beer,6x330 mL - bottles,"3 / 
$35.97",,or $14.49 ea. $0.61 /100ml,"Regular price
$15.49  ea.","Valid until Feb 7, 2024",https://product-images.metro.ca/images/hfd/hb9/9742641463326.jpg,https://www.metro.ca/en/online-grocery/search-page-359
BABY MUM-MUM,Berry Flavoured Organic Rice Rusks,50 g,"$2.99
 ea.",,$5.98 /100g,"Regular price
$4.29  ea.","Valid until Feb 7, 2024",https://product-images.metro.ca/images/h8e/hd8/10212206313502.jpg,https://www.metro.ca/en/online-grocery/search-page-359
SNACK PACK,Orange Fanta® Flavoured Gel Snack Cups,6x99 g,"$5.49
 ea.",,$0.92 /100g,,,https://product-images.metro.ca/images/h57/h0a/10035793985566.jpg,https://www.metro.ca/en/online-grocery/search-page-359
LIFE SMART,"Dark Maple Syrup, Organic",250 mL,"$7.29
 ea.",,$2.92 /100ml,,,,https://www.metro.ca/en/online-grocery/search-page-359
METROGO!,Seasoned Boneless Ribeye Pork Loin Roast,1 per tray,"$23.78
 avg. ea.","(1,500 g avg.)",$15.85 /kg$7.19 /lb.,,,https://product-images.metro.ca/images/h30/h3f/10265307316254.jpg,https://www.metro.ca/en/online-grocery/search-page-359
TWININGS,Creamy Vanilla Flavoured Earl Grey Tea Bags,20 un,"$5.79
 ea.",,$0.29 /un.,,,https://product-images.metro.ca/images/hc7/h4e/11676016246814.jpg,https://www.metro.ca/en/online-grocery/search-page-359
LIFE SMART,"Almond Butter, Naturalia",340 g,"$7.99
 ea.",,$2.35 /100g,"Regular price
$8.29  ea.","Valid until Feb 7, 2024",,https://www.metro.ca/en/online-grocery/search-page-359
STELLA ARTOIS,Belgian Blonde Lager Beer,12x330 mL - bottles,"$23.99
 ea.",,$0.61 /100ml,"Regular price
$25.99  ea.","Valid until Jan 10, 2024",https://product-images.metro.ca/images/hf6/h67/9742714470430.jpg,https://www.metro.ca/en/online-grocery/search-page-359
FLEISCHMANN'S,Dough Enhancer,100 g,"$5.79
 ea.",,$5.79 /100g,,,https://product-images.metro.ca/images/h94/h2e/11307190255646.jpg,https://www.metro.ca/en/online-grocery/search-page-359
AXE,"Crushed Mint And Rosemary Scented Body Wash, Phoenix",946 mL,"$9.99
 ea.",,$1.06 /100ml,"Regular price
$10.99  ea.","Valid until Feb 7, 2024",,https://www.metro.ca/en/online-grocery/search-page-359
METROGO!,Seasoned Boneless Beef Bottom Blade Roast,,"$24.23
 avg. ea.","(1,000 g avg.)",$24.23 /kg$10.99 /lb.,"Regular price
$25.33  avg. ea.","Valid until Jan 10, 2024",https://product-images.metro.ca/images/h49/hbd/11931037761566.jpg,https://www.metro.ca/en/online-grocery/search-page-359
PREMIÈRE MOISSON,Organic Sprouted Grain Baguette,325 g,"$4.69
 ea.",,$1.44 /100g,,,https://product-images.metro.ca/images/h79/h40/11541245558814.jpg,https://www.metro.ca/en/online-grocery/search-page-359
SMOKY BAY,Australian Red Wine,4 L,"$48.49
 ea.",,$1.21 /100ml,,,https://product-images.metro.ca/images/h65/h84/10095147450398.jpg,https://www.metro.ca/en/online-grocery/search-page-359
ISABELLE HUOT,Double Bran And Date Homemade Muffin Mix,465 g,"$5.49
 ea.",,$1.18 /100g,"Regular price
$5.99  ea.","Valid until Feb 7, 2024",https://product-images.metro.ca/images/h8d/hb5/9961873473566.jpg,https://www.metro.ca/en/online-grocery/search-page-359
METROGO!,Seasoned Boneless Rib End Pork Roast,1 per tray,"$12.68
 avg. ea.",(800 g avg.),$15.85 /kg$7.19 /lb.,,,https://product-images.metro.ca/images/hdf/hae/10265319473182.jpg,https://www.metro.ca/en/online-grocery/search-page-359
ISABELLE HUOT,"Oat, Cranberry, And Chia Homemade Cookie Mix",400 g,"$5.49
 ea.",,$1.37 /100g,"Regular price
$5.99  ea.","Valid until Feb 7, 2024",https://product-images.metro.ca/images/haa/h78/9961874030622.jpg,https://www.metro.ca/en/online-grocery/search-page-359
LITTLE NORTHERN BAKEHOUSE,Gluten Free Original Pizza Crusts,600 g,"$8.99
 ea.",,$1.50 /100g,"Regular price
$10.29  ea.","Valid until Feb 14, 2024",https://product-images.metro.ca/images/h7d/h4f/9668980572190.jpg,https://www.metro.ca/en/online-grocery/search-page-359
IRRESISTIBLES,Frozen Nordic Fruit Mix,500 g,"3 / 
$12.99",,or $5.99 ea. $0.87 /100g,,"Valid until Feb 14, 2024",https://product-images.metro.ca/images/h44/hcd/10882863792158.jpg,https://www.metro.ca/en/online-grocery/search-page-359
PREMIÈRE MOISSON,"Carrot, Ginger And Honey Soup",700 mL,"$7.99
 ea.",,$1.14 /100ml,"Regular price
$8.99  ea.","Valid until Jan 10, 2024",https://product-images.metro.ca/images/h7a/hb5/11449632620574.jpg,https://www.metro.ca/en/online-grocery/search-page-360
PREMIÈRE MOISSON,Mushroom And Rosemary Cream,700 mL,"$7.99
 ea.",,$1.14 /100ml,"Regular price
$8.99  ea.","Valid until Jan 10, 2024",https://product-images.metro.ca/images/ha6/h1d/12364674498590.jpg,https://www.metro.ca/en/online-grocery/search-page-360
LIFE SMART,"White Cheddar And Jalapeño Flavoured Popcorn, Naturalia",125 g,"$2.79
 ea.",,$2.23 /100g,"Regular price
$3.29  ea.","Valid until Jan 24, 2024",,https://www.metro.ca/en/online-grocery/search-page-360
LIFE SMART,"Himalayan Pink Salt Salted Butter Flavoured Popcorn,...",125 g,"$2.79
 ea.",,$2.23 /100g,"Regular price
$3.29  ea.","Valid until Jan 24, 2024",,https://www.metro.ca/en/online-grocery/search-page-360
LIFE SMART,"Crunchy Peanut Butter, Naturalia",500 g,"$3.49
 ea.",,$0.70 /100g,"Regular price
$4.49  ea.","Valid until Feb 7, 2024",,https://www.metro.ca/en/online-grocery/search-page-360
LIFE SMART,"Creamy Peanut Butter, Naturalia",500 g,"$3.49
 ea.",,$0.70 /100g,"Regular price
$4.49  ea.","Valid until Feb 7, 2024",,https://www.metro.ca/en/online-grocery/search-page-360
DION,Meat Pied And Stew Spice Mix,41 g,"$3.39
 ea.",,$8.27 /100g,,,https://product-images.metro.ca/images/h55/hc2/10300220964894.jpg,https://www.metro.ca/en/online-grocery/search-page-360
STELLA ARTOIS,Belgian Blonde Lager Beer,4x473 mL - cans,"3 / 
$35.97",,or $14.49 ea. $0.63 /100ml,"Regular price
$15.49  ea.","Valid until Feb 7, 2024",https://product-images.metro.ca/images/ha6/h4f/9742684192798.jpg,https://www.metro.ca/en/online-grocery/search-page-360
PAT BBQ,Spicy Bbq Spices,175 g,"$7.99
 ea.",,$4.57 /100g,"Regular price
$8.99  ea.","Valid until Feb 7, 2024",https://product-images.metro.ca/images/hf4/h5f/9676352290846.jpg,https://www.metro.ca/en/online-grocery/search-page-360
METROGO!,Goat Cheese And Pear Salmon Pavé,,"$9.25
 avg. ea.",(200 g avg.),$46.27 /kg$20.99 /lb.,,,https://product-images.metro.ca/images/h44/h35/11931041464350.jpg,https://www.metro.ca/en/online-grocery/search-page-360
METROGO!,"Salmon Fillets With Shrimp, Value Pack",,"$17.85
 avg. ea.",(450 g avg.),$39.66 /kg$17.99 /lb.,,,,https://www.metro.ca/en/online-grocery/search-page-360
METROGO!,"Salmon Fillets With Brie Cheese And Cranberries, Val...",,"$19.83
 avg. ea.",(500 g avg.),$39.66 /kg$17.99 /lb.,,,,https://www.metro.ca/en/online-grocery/search-page-360
PERSONNELLE,Refresh Dandruff Shampoo,420 mL,"$4.29
 ea.",,$1.02 /100ml,"Regular price
$5.99  ea.","Valid until Jan 10, 2024",https://product-images.metro.ca/images/h80/h8c/9848975392798.jpg,https://www.metro.ca/en/online-grocery/search-page-360
FIREBARNS,Caesar Spice Mix,155 g,"$6.99
 ea.",,$4.51 /100g,,,https://product-images.metro.ca/images/h81/hda/10882865233950.jpg,https://www.metro.ca/en/online-grocery/search-page-360
LIFE SMART,"Organic Vegetable Broth, Naturalia",946 mL,"$3.49
 ea.",,$0.37 /100ml,"Regular price
$4.99  ea.","Valid until Jan 10, 2024",,https://www.metro.ca/en/online-grocery/search-page-360
SELECTION,Bologna,,"$0.99
 / 100 g",,$9.90 /kg$4.49 /lb.,"Regular price
$19.90  / kg","Valid until Jan 10, 2024",https://product-images.metro.ca/images/h4d/h56/9715714981918.jpg,https://www.metro.ca/en/online-grocery/search-page-360
IRRESISTIBLES,Sea Salt Flavoured Vegetable Sticks,142 g,"2 / 
$7.00",,$2.46 /100g,"Regular price
$4.69  ea.","Valid until Jan 10, 2024",https://product-images.metro.ca/images/h31/hf1/9757715562526.jpg,https://www.metro.ca/en/online-grocery/search-page-360
LIFE SMART,"Ginger And Turmeric Kombucha, Organic",414 mL,"$3.49
 ea.",,$0.84 /100ml,"Regular price
$3.99  ea.","Valid until Jan 10, 2024",,https://www.metro.ca/en/online-grocery/search-page-360
LIFE SMART,"Organic Strawberry And Basil Flavoured Kombucha, Org...",414 mL,"$3.49
 ea.",,$0.84 /100ml,"Regular price
$3.99  ea.","Valid until Jan 10, 2024",,https://www.metro.ca/en/online-grocery/search-page-360
BIOITALIA,Pear And Banana Flavoured Organic Puree,120 g,"$1.79
 ea.",,$1.49 /100g,"Regular price
$2.19  ea.","Valid until Feb 7, 2024",https://product-images.metro.ca/images/h15/h29/9836613632030.jpg,https://www.metro.ca/en/online-grocery/search-page-360
LA CUISINE À CHRISTINE,Frozen Gluten Free Shepherd Pie With Potatoes And Sw...,300 g,"$7.99
 ea.",,$2.66 /100g,"Regular price
$9.99  ea.","Valid until Feb 14, 2024",,https://www.metro.ca/en/online-grocery/search-page-360
CORONA EXTRA,Mexican Lager Beer,12x355 mL - cans,"$23.99
 ea.",,$0.56 /100ml,"Regular price
$25.99  ea.","Valid until Jan 10, 2024",https://product-images.metro.ca/images/h59/h8d/10143948963870.jpg,https://www.metro.ca/en/online-grocery/search-page-360
BRASSEUR DE MONTRÉAL,"Beer Assortment, Hoppy Edition",12x355 mL - cans,"$23.99
 ea.",,$6.76 /100ml,,,,https://www.metro.ca/en/online-grocery/search-page-360
CORONA EXTRA,Mexican Lager Beer,6x330 mL - bottles,"3 / 
$35.97",,or $14.49 ea. $0.61 /100ml,"Regular price
$15.49  ea.","Valid until Feb 7, 2024",https://product-images.metro.ca/images/h43/h89/10123833278494.jpg,https://www.metro.ca/en/online-grocery/search-page-360
CORONA EXTRA,Mexican Lager Beer,6x355 mL - cans,"3 / 
$35.97",,or $14.49 ea. $0.56 /100ml,"Regular price
$15.49  ea.","Valid until Feb 7, 2024",https://product-images.metro.ca/images/ha6/h29/10498189656094.jpg,https://www.metro.ca/en/online-grocery/search-page-360
MONSTER,Ultra Fiesta Energy Drink,473 mL,"2 / 
$5.50",,$0.58 /100ml,"Regular price
$3.99  ea.","Valid until Jan 24, 2024",https://product-images.metro.ca/images/hf7/h68/10905675071518.jpg,https://www.metro.ca/en/online-grocery/search-page-360
IRRESISTIBLES,"Mini Black And White Chocolate Cheesecakes, Mini Tuxedo",350 g,"$10.99
 ea.",,$3.14 /100g,"Regular price
$12.49  ea.","Valid until Jan 10, 2024",,https://www.metro.ca/en/online-grocery/search-page-360
SELECTION,Blackberry Flavoured Sparkling Water,1 L,"$0.99
 ea.",,$0.10 /100ml,,,https://product-images.metro.ca/images/h19/h61/11109350998046.jpg,https://www.metro.ca/en/online-grocery/search-page-360
ARCTIC GARDENS,Frozen Orlean Style Vegetables,675 g,"$5.49
 ea.",,$0.81 /100g,,,https://product-images.metro.ca/images/h6a/h00/11022475984926.jpg,https://www.metro.ca/en/online-grocery/search-page-360
OLD EL PASO,"Hard Taco Dinner Kit, Stand 'N Stuff",250 g,"$6.99
 ea.",,$2.80 /100g,,,,https://www.metro.ca/en/online-grocery/search-page-360
HAAGEN DAZS,"Raspberry Cheesecake Flavoured Ice Cream, Divine",450 mL,"$4.99
 ea.",,$1.11 /100ml,"Regular price
$6.69  ea.","Valid until Jan 24, 2024",,https://www.metro.ca/en/online-grocery/search-page-361
AERO,"Chocolate Bar Brownie, Truffle",105 g,"$2.49
 ea.",,$2.37 /100g,"Regular price
$3.49  ea.","Valid until Jan 10, 2024",,https://www.metro.ca/en/online-grocery/search-page-361
DOLE,"Cherry Juice Gels, Fru-Gel",4x123 g,"$4.49
 ea.",,$0.91 /100g,,,,https://www.metro.ca/en/online-grocery/search-page-361
DOLE,"Strawberry Juice Gels, Fru-Gel",4x123 g,"$4.49
 ea.",,$0.91 /100g,,,,https://www.metro.ca/en/online-grocery/search-page-361
CORONA,"Non-Alcoholic Mexican Beer, Sunbrew",12x355 mL,"$23.99
 ea.",,$6.76 /100ml,"Regular price
$25.99  ea.","Valid until Jan 10, 2024",,https://www.metro.ca/en/online-grocery/search-page-361
LIFE SMART,"Green Tea Bags, Organic",16 un,"$3.99
 ea.",,$14.78 /100g,,,,https://www.metro.ca/en/online-grocery/search-page-361
PILLSBURY,Prepared Dough For Croissant,226 g,"2 / 
$5.00",,$1.11 /100g,"Regular price
$3.29  ea.","Valid until Jan 10, 2024",https://product-images.metro.ca/images/h61/hdd/12175531114526.jpg,https://www.metro.ca/en/online-grocery/search-page-361
KELLOGG'S,"Cinnamon Pecan Cereal, Special K",343 g,"$4.49
 ea.",,$1.31 /100g,"Regular price
$7.29  ea.","Valid until Jan 10, 2024",,https://www.metro.ca/en/online-grocery/search-page-361
KELLOGG'S,"Apple Cinnamon Cereals, Vector",306 g,"$4.49
 ea.",,$1.47 /100g,"Regular price
$7.29  ea.","Valid until Jan 10, 2024",,https://www.metro.ca/en/online-grocery/search-page-361
O SOLE MIO,Cheese With Rosée Sauce Tortellinis,850 g,"$16.99
 ea.",,$2.00 /100g,,,https://product-images.metro.ca/images/h59/h4e/11236972462110.jpg,https://www.metro.ca/en/online-grocery/search-page-361
PERSONNELLE,Extra Strength Shampoo With Argan Oil,385 mL,"$7.99
 ea.",,$2.08 /100ml,,,https://product-images.metro.ca/images/h20/h23/10982331318302.jpg,https://www.metro.ca/en/online-grocery/search-page-361
LINDT,"Mango Almond Dark Chocolate Bar, Excellence",100 g,"$5.29
 ea.",,$5.29 /100g,,"Valid until Jan 10, 2024",,https://www.metro.ca/en/online-grocery/search-page-361
SELECTION,Lavender Scented In-Wash Scent Booster,422 g,"$6.49
 ea.",,$1.54 /100g,"Regular price
$8.29  ea.","Valid until Feb 7, 2024",https://product-images.metro.ca/images/had/h4c/11521980137502.jpg,https://www.metro.ca/en/online-grocery/search-page-361
SELECTION,Fresh Scented In-Wash Scent Booster,422 g,"$6.49
 ea.",,$1.54 /100g,"Regular price
$8.29  ea.","Valid until Feb 7, 2024",https://product-images.metro.ca/images/hb6/h22/12175424782366.jpg,https://www.metro.ca/en/online-grocery/search-page-361
PERSONNELLE,Gentle Hydrating Shampoo,828 mL,"$4.29
 ea.",,$0.52 /100ml,"Regular price
$5.29  ea.","Valid until Jan 10, 2024",https://product-images.metro.ca/images/h1b/hf8/11521889501214.jpg,https://www.metro.ca/en/online-grocery/search-page-361
KELLOGG'S,"Maple And Cinnamon Flavoured Cereals, Frosted Flakes",435 g,"$4.49
 ea.",,$1.03 /100g,"Regular price
$6.79  ea.","Valid until Feb 7, 2024",,https://www.metro.ca/en/online-grocery/search-page-361
COFFEE CRISP,Coffe Flavoured Crispy Wafer Pieces With Chocolate C...,170 g,"$5.29
 ea.",,$3.11 /100g,,,,https://www.metro.ca/en/online-grocery/search-page-361
DANONE,"1.5% Vanilla Flavoured Drinkable Yogurts, Danino",6x93 mL,"$4.49
 ea.",,$0.80 /100ml,,,,https://www.metro.ca/en/online-grocery/search-page-361
DANONE,"1.5% Strawberry-Banana Flavoured Drinkable Yogurts,...",6x93 mL,"$4.49
 ea.",,$0.80 /100ml,,,,https://www.metro.ca/en/online-grocery/search-page-361
DOVE,Plum And Sakura Blossom Scented Body Wash,325 mL,"$6.49
 ea.",,$2.00 /100ml,,,https://product-images.metro.ca/images/h30/h36/12175530819614.jpg,https://www.metro.ca/en/online-grocery/search-page-361
DOVE,Gentle Exfoliating Body Wash,325 mL,"$6.49
 ea.",,$2.00 /100ml,,,https://product-images.metro.ca/images/h84/h24/11522032893982.jpg,https://www.metro.ca/en/online-grocery/search-page-361
FIREBARNS,"BBQ Sauce, Tennessee Whisky",350 mL,"$6.99
 ea.",,$2.00 /100ml,,,,https://www.metro.ca/en/online-grocery/search-page-361
BRASSEUR DE MONTRÉAL,"Red Ale, Petite Bourgogne",12x355 mL,"$23.99
 ea.",,$6.76 /100ml,,,,https://www.metro.ca/en/online-grocery/search-page-361
LECLERC,"Orchard Fruit Flavoured Fruit And Oat Bars, Go Pure",140 g,"$4.29
 ea.",,$3.06 /100g,,,,https://www.metro.ca/en/online-grocery/search-page-361
LECLERC,"Fieldberry Fruit And Oat Bars, Go Pure",140 g,"$4.29
 ea.",,$3.06 /100g,,,,https://www.metro.ca/en/online-grocery/search-page-361
HEALTHY CHOICE,Frozen Verde Chicken,269 g,"$5.99
 ea.",,$2.23 /100g,"Regular price
$6.99  ea.","Valid until Feb 14, 2024",https://product-images.metro.ca/images/h03/h97/11292859465758.jpg,https://www.metro.ca/en/online-grocery/search-page-361
CHOLULA,Original Hot Sauce,150 mL,"$7.99
 ea.",,$5.33 /100ml,,,https://product-images.metro.ca/images/ha9/h75/11205140217886.jpg,https://www.metro.ca/en/online-grocery/search-page-361
NATREL,Very Mild Mozzarella Cheese Roll,100 g,"$3.99
 ea.",,$3.99 /100g,"Regular price
$4.99  ea.","Valid until Feb 14, 2024",https://product-images.metro.ca/images/h33/h8e/10390797156382.jpg,https://www.metro.ca/en/online-grocery/search-page-361
SELECTION,68% Vegetable Oil Margarine,454 g,"$3.99
 ea.",,$0.88 /100g,,,https://product-images.metro.ca/images/h60/hb2/10319578333214.jpg,https://www.metro.ca/en/online-grocery/search-page-361
CORONA,"Non-Alcoholic Mexican Beer, Sunbrew",6x330 mL,"3 / 
$35.97",,or $14.49 ea. $0.61 /100ml,"Regular price
$15.49  ea.","Valid until Feb 7, 2024",,https://www.metro.ca/en/online-grocery/search-page-361
MONSTER,"Pinealpple Flavoured Energy Drink, Ultra Gold",473 mL,"2 / 
$5.50",,$0.58 /100ml,"Regular price
$3.99  ea.","Valid until Jan 24, 2024",,https://www.metro.ca/en/online-grocery/search-page-362
LE MIEL D'ÉMILIE,Organic White Raw Honey,500 g,"$9.99
 ea.",,$2.00 /100g,"Regular price
$10.99  ea.","Valid until Feb 7, 2024",https://product-images.metro.ca/images/h47/h81/10711205937182.jpg,https://www.metro.ca/en/online-grocery/search-page-362
LIFE SMART,Frozen Vegetable Lasagna,1 kg,"$12.99
 ea.",,$1.30 /100g,,,https://product-images.metro.ca/images/h34/hf4/10437667651614.jpg,https://www.metro.ca/en/online-grocery/search-page-362
BFIT,High Protein Chocolate Milkshake,460 mL,"$4.29
 ea.",,$0.93 /100ml,,,https://product-images.metro.ca/images/h3e/h4c/11590811713566.jpg,https://www.metro.ca/en/online-grocery/search-page-362
KELLOGG'S,"Raisin Flavoured Cereal With Toasted Oats And Honey,...",451 g,"$4.49
 ea.",,$1.00 /100g,"Regular price
$6.49  ea.","Valid until Jan 10, 2024",,https://www.metro.ca/en/online-grocery/search-page-362
PRINGLES,Cheddar Cheese Flavoured Chips,203 g,"2 / 
$7.00",,$1.72 /100g,"Regular price
$4.79  ea.","Valid until Jan 24, 2024",https://product-images.metro.ca/images/h3e/hab/10348169855006.jpg,https://www.metro.ca/en/online-grocery/search-page-362
CHEEZ-IT,White Cheddar Flavoured Crackers,352 g,"$5.49
 ea.",,$1.56 /100g,,,https://product-images.metro.ca/images/h17/ha6/10472033845278.jpg,https://www.metro.ca/en/online-grocery/search-page-362
GRISSOL,"Cheddar And Jalapeno Flavoured Toasted Snack Bread, ...",120 g,"$1.99
 ea.",,$1.66 /100g,"Regular price
$4.29  ea.","Valid until Jan 10, 2024",,https://www.metro.ca/en/online-grocery/search-page-362
CHEEZ-IT,Original Baked Snack Crackers,352 g,"$5.49
 ea.",,$1.56 /100g,,,https://product-images.metro.ca/images/hde/h72/10472035680286.jpg,https://www.metro.ca/en/online-grocery/search-page-362
METROGO!,"Chicken Cutlets, Value Pack",2 per tray,"$9.41
 avg. ea.",(450 g avg.),$20.92 /kg$9.49 /lb.,"Regular price
$22.02  avg. kg","Valid until Jan 10, 2024",,https://www.metro.ca/en/online-grocery/search-page-362
GRENACHE,Caramel Spread,400 g,"$2.49
 ea.",,$0.62 /100g,"Regular price
$2.99  ea.","Valid until Jan 10, 2024",https://product-images.metro.ca/images/h49/hc7/10421752922142.jpg,https://www.metro.ca/en/online-grocery/search-page-362
IMPERIAL,BBQ Flavoured Popcorn,300 g,"$4.69
 ea.",,$1.56 /100g,,,https://product-images.metro.ca/images/h08/haa/10823361462302.jpg,https://www.metro.ca/en/online-grocery/search-page-362
IMPERIAL,Ketchup Flavoured Popcorn,300 g,"$4.69
 ea.",,$1.56 /100g,,,https://product-images.metro.ca/images/hd5/hfc/10823358021662.jpg,https://www.metro.ca/en/online-grocery/search-page-362
POST,"Fruit Flavoured Cereal, Fruity Pebbles",311 g,"$5.79
 ea.",,$1.86 /100g,,,,https://www.metro.ca/en/online-grocery/search-page-362
SUMMER FRESH,Spicy Dill Pickle Flavoured Dip,227 g,"$5.29
 ea.",,$2.33 /100g,,,https://product-images.metro.ca/images/h6b/he3/10715558477854.jpg,https://www.metro.ca/en/online-grocery/search-page-362
LIBERTÉ,"9% Vanilla Yogurt, Méditerranée",900 g,"$5.97
 ea.",,$0.66 /100g,"Regular price
$8.29  ea.","Valid until Jan 10, 2024",,https://www.metro.ca/en/online-grocery/search-page-362
SIGGI'S,0% Plain Skyr Icelandic Style Yogurt,750 g,"$5.99
 ea.",,$0.80 /100g,"Regular price
$7.49  ea.","Valid until Feb 14, 2024",https://product-images.metro.ca/images/h5e/h22/12191952273438.jpg,https://www.metro.ca/en/online-grocery/search-page-362
SIGGI'S,2% Strawberry Flavoured Skyr Icelandic Style Yogurt,650 g,"$5.99
 ea.",,$0.92 /100g,"Regular price
$7.49  ea.","Valid until Feb 14, 2024",https://product-images.metro.ca/images/hc2/h19/12191952568350.jpg,https://www.metro.ca/en/online-grocery/search-page-362
LECLERC,Blueberry Truffle Butter Cookies Topped With Dark Ch...,240 g,"$4.49
 ea.",,$1.87 /100g,,,,https://www.metro.ca/en/online-grocery/search-page-362
KELLOGG'S,"Family Size Cereal, Froot Loops",480 g,"$7.99
 ea.",,$1.66 /100g,,,,https://www.metro.ca/en/online-grocery/search-page-362
FAMILY GUARD,Citrus Scented Multi-Purpose Cleaner,946 mL,"$6.49
 ea.",,$0.69 /100ml,,,https://product-images.metro.ca/images/h31/h14/11693904101406.jpg,https://www.metro.ca/en/online-grocery/search-page-362
LAY'S,Cucumber Flavoured Chips,165 g,"$4.19
 ea.",,$2.54 /100g,,,https://product-images.metro.ca/images/h6d/h20/12354488238110.jpg,https://www.metro.ca/en/online-grocery/search-page-362
LAY'S,Chicken And Tomato Flavoured Chips,165 g,"$4.19
 ea.",,$2.54 /100g,,,https://product-images.metro.ca/images/he6/h9a/12354489253918.jpg,https://www.metro.ca/en/online-grocery/search-page-362
LAURA SECORD,Chocolate Chip Cake,85 g,"4 / 
$14.00",,or $4.49 ea. $4.12 /100g,,"Valid until Jan 17, 2024",https://www.metro.ca/images/shared/placeholders/icon-no-picture.svg?v=2023.71.1.d1,https://www.metro.ca/en/online-grocery/search-page-362
LECLERC,"Brownies Oatmeal Bars, Go Pure",175 g,"$4.29
 ea.",,$2.45 /100g,,,,https://www.metro.ca/en/online-grocery/search-page-362
LECLERC,"Chocolate Chip Oatmeal Bars, Go Pure",175 g,"$4.29
 ea.",,$2.45 /100g,,,,https://www.metro.ca/en/online-grocery/search-page-362
LECLERC,"Carrot Cake Oatmeal Bars, Go Pure",175 g,"$4.29
 ea.",,$2.45 /100g,,,,https://www.metro.ca/en/online-grocery/search-page-362
TWININGS,Lemon And Ginger Probiotic Herbal Tea Bags,18 un,"$5.99
 ea.",,$0.33 /un.,"Regular price
$6.99  ea.","Valid until Feb 7, 2024",https://product-images.metro.ca/images/h96/hd5/10455015096350.jpg,https://www.metro.ca/en/online-grocery/search-page-362
TWININGS,Nightly Calm™ Herbal Tea Bags,18 un,"$5.99
 ea.",,$0.33 /un.,"Regular price
$6.99  ea.","Valid until Feb 7, 2024",https://product-images.metro.ca/images/hbe/h85/10455061037086.jpg,https://www.metro.ca/en/online-grocery/search-page-362
TWININGS,Soothing Turmeric Herbal Tea Bags,18 un,"$5.99
 ea.",,$0.33 /un.,"Regular price
$6.99  ea.","Valid until Feb 7, 2024",https://product-images.metro.ca/images/h98/h8c/10454985736222.jpg,https://www.metro.ca/en/online-grocery/search-page-362
TWININGS,Peppermint And Fennel Probiotic Herbal Tea Bags,18 un,"$5.99
 ea.",,$0.33 /un.,"Regular price
$6.99  ea.","Valid until Feb 7, 2024",https://product-images.metro.ca/images/hcd/h31/10454880780318.jpg,https://www.metro.ca/en/online-grocery/search-page-363
CAFÉ WILLIAM,Organic Light Colombian Coffee Beans,650 g,"$23.49
 ea.",,$3.61 /100g,,,https://product-images.metro.ca/images/h20/heb/10389325185054.jpg,https://www.metro.ca/en/online-grocery/search-page-363
RISE BOTANICALS,Orange And Mango Flavoured Sparkling Adaptogenic Bev...,414 mL,"$3.69
 ea.",,$0.89 /100ml,"Regular price
$4.29  ea.","Valid until Feb 14, 2024",,https://www.metro.ca/en/online-grocery/search-page-363
RISE BOTANICALS,Lime And Ginger Flavoured Sparkling Adaptogenic Beve...,414 mL,"$3.69
 ea.",,$0.89 /100ml,"Regular price
$4.29  ea.","Valid until Feb 14, 2024",,https://www.metro.ca/en/online-grocery/search-page-363
RISE BOTANICALS,Coffee And Caramel Flavoured Sparkling Adaptogenic B...,414 mL,"$3.69
 ea.",,$0.89 /100ml,"Regular price
$4.29  ea.","Valid until Feb 14, 2024",,https://www.metro.ca/en/online-grocery/search-page-363
KELLOGG'S,"Chocolate And Almond Cereal, Special K",377 g,"$4.49
 ea.",,$1.19 /100g,"Regular price
$7.29  ea.","Valid until Jan 10, 2024",,https://www.metro.ca/en/online-grocery/search-page-363
LIFE SMART,"Grain-Fed Whole Chicken, Organic",1 un,"$21.14
 avg. ea.","(1,600 g avg.)",$13.21 /kg$5.99 /lb.,"Regular price
$14.97  avg. kg","Valid until Jan 10, 2024",,https://www.metro.ca/en/online-grocery/search-page-363
LINDT,Salted Caramel Oat Based Chocolate Bar,100 g,"$5.49
 ea.",,$5.49 /100g,"Regular price
$7.49  ea.","Valid until Jan 10, 2024",https://product-images.metro.ca/images/hbd/h5f/10433275658270.jpg,https://www.metro.ca/en/online-grocery/search-page-363
IRRESISTIBLES,New York Style Mango Cheesecake,600 g,"$15.49
 ea.",,$2.58 /100g,"Regular price
$17.49  ea.","Valid until Jan 10, 2024",https://product-images.metro.ca/images/hc3/he0/10444521603102.jpg,https://www.metro.ca/en/online-grocery/search-page-363
NESCAFÉ,Sweet & Creamy Instant Coffee Mix,16 g,"$8.49
 ea.",,$53.06 /100g,,,https://product-images.metro.ca/images/h41/h44/10344334655518.jpg,https://www.metro.ca/en/online-grocery/search-page-363
MAP-O-SPREAD,Sugar Butter Spread,400 g,"$2.49
 ea.",,$0.62 /100g,"Regular price
$2.99  ea.","Valid until Jan 10, 2024",https://product-images.metro.ca/images/h7c/h7c/10389224161310.jpg,https://www.metro.ca/en/online-grocery/search-page-363
ARCTIC GARDENS,Frozen Riced Cauliflower,340 g,"$5.49
 ea.",,$1.61 /100g,,,https://product-images.metro.ca/images/had/hc8/11401405169694.jpg,https://www.metro.ca/en/online-grocery/search-page-363
ARCTIC GARDENS,Frozen Riced Cauliflower With Vegetables,340 g,"$5.49
 ea.",,$1.61 /100g,,,https://product-images.metro.ca/images/h9f/h4c/11478024519710.jpg,https://www.metro.ca/en/online-grocery/search-page-363
SILK,Original Flavour Oat Plant-Based Beverage,946 mL,"$3.39
 ea.",,$0.36 /100ml,,,https://product-images.metro.ca/images/ha1/hd6/10491852226590.jpg,https://www.metro.ca/en/online-grocery/search-page-363
GENERAL MILLS,"Honey Crunch Oat Cereal, Oatmeal Crisp",423 g,"$4.99
 ea.",,$1.18 /100g,"Regular price
$7.29  ea.","Valid until Feb 7, 2024",,https://www.metro.ca/en/online-grocery/search-page-363
PEPPERIDGE FARM,Mix Xtreme Cheddar And Pretzels Flavoured Baked Crac...,180 g,"$3.49
 ea.",,$1.94 /100g,"Regular price
$4.19  ea.","Valid until Jan 10, 2024",,https://www.metro.ca/en/online-grocery/search-page-363
ATTITUDE,"White Tea Leaves Body Lotion, Super Leaves",473 mL,"$13.99
 ea.",,$2.96 /100ml,"Regular price
$17.49  ea.","Valid until Feb 7, 2024",,https://www.metro.ca/en/online-grocery/search-page-363
TAZO,"Chamomille Herbal Tea, Calm",20 un,"$4.99
 ea.",,$0.25 /un.,"Regular price
$5.99  ea.","Valid until Feb 7, 2024",,https://www.metro.ca/en/online-grocery/search-page-363
NATREL,"3.25% Lactose Free Protein Milk, Plus",2 L,"$5.99
 ea.",,$0.30 /100ml,"Regular price
$7.49  ea.","Valid until Jan 10, 2024",,https://www.metro.ca/en/online-grocery/search-page-363
DOVE,Sensitive Skin Bar Soap,6x106 g,"$10.99
 ea.",,$1.73 /100g,"Regular price
$12.49  ea.","Valid until Feb 7, 2024",https://product-images.metro.ca/images/h51/hde/12279508500510.jpg,https://www.metro.ca/en/online-grocery/search-page-363
MIKES,Frozen Cheese Ravioli,275 g,"$4.99
 ea.",,$1.81 /100g,,,https://product-images.metro.ca/images/hc9/h46/9731941924894.jpg,https://www.metro.ca/en/online-grocery/search-page-363
FLEECY,Aroma Therapy Relax Scented Liquid Fabric Softener,57 loads-1.36 L,"$5.49
 ea.",,$0.40 /100ml,"Regular price
$6.49  ea.","Valid until Feb 7, 2024",https://product-images.metro.ca/images/h74/h8b/10727397261342.jpg,https://www.metro.ca/en/online-grocery/search-page-363
SELECTION,Sultana Raisins,375 g,"$3.79
 ea.",,$1.01 /100g,,,https://product-images.metro.ca/images/hde/hba/10009600524318.jpg,https://www.metro.ca/en/online-grocery/search-page-363
SELECTION,Thompson Raisins,375 g,"$3.99
 ea.",,$1.06 /100g,,,https://product-images.metro.ca/images/h60/h78/10123832590366.jpg,https://www.metro.ca/en/online-grocery/search-page-363
ISABELLE HUOT,Strawberry And Chia Spread,250 mL,"$5.99
 ea.",,$2.40 /100ml,"Regular price
$6.99  ea.","Valid until Feb 7, 2024",https://product-images.metro.ca/images/haa/hd4/9961875505182.jpg,https://www.metro.ca/en/online-grocery/search-page-363
ISABELLE HUOT,Cranberry And Chia Spread,250 mL,"$5.99
 ea.",,$2.40 /100ml,"Regular price
$6.99  ea.","Valid until Feb 7, 2024",https://product-images.metro.ca/images/ha3/h5c/9961875243038.jpg,https://www.metro.ca/en/online-grocery/search-page-363
ISABELLE HUOT,4 Fruits And Chia Spread,250 mL,"$5.99
 ea.",,$2.40 /100ml,"Regular price
$6.99  ea.","Valid until Feb 7, 2024",https://product-images.metro.ca/images/h6a/h00/9961875275806.jpg,https://www.metro.ca/en/online-grocery/search-page-363
TOUNDRA,Cucumber Crunchy Green Relish,375 mL,"$4.49
 ea.",,$1.20 /100ml,"Regular price
$5.99  ea.","Valid until Jan 10, 2024",https://product-images.metro.ca/images/h3b/ha8/9877704998942.jpg,https://www.metro.ca/en/online-grocery/search-page-363
TWINKLE,Wafer Rose Cake Decoration,1 un,"$4.79
 ea.",,$4.79 /un.,,,https://product-images.metro.ca/images/hf7/h35/11205134352414.jpg,https://www.metro.ca/en/online-grocery/search-page-363
TWINKLE,Spring Breeze Cake Decoration Sprinkles,140 g,"$5.99
 ea.",,$4.28 /100g,,,https://product-images.metro.ca/images/h1a/hc8/12192883539998.jpg,https://www.metro.ca/en/online-grocery/search-page-363
KIND,"Gluten Free Crunchy Peanut Butter Nut Bar, Plus",50 g,"$1.99
 ea.",,$3.98 /100g,"Regular price
$2.49  ea.","Valid until Feb 7, 2024",,https://www.metro.ca/en/online-grocery/search-page-364
LA POCHE BLEUE,Texan Dry Rub Spice Blend,170 g,"$7.99
 ea.",,$4.70 /100g,"Regular price
$8.99  ea.","Valid until Feb 7, 2024",https://product-images.metro.ca/images/h92/h17/10455972380702.jpg,https://www.metro.ca/en/online-grocery/search-page-364
CLEVER MOCKTAILS,Non Alcoholic G & Tonic,355 mL,"2 / 
$5.50",,$0.77 /100ml,"Regular price
$3.29  ea.","Valid until Feb 7, 2024",https://product-images.metro.ca/images/h64/h3a/9870826930206.jpg,https://www.metro.ca/en/online-grocery/search-page-364
CLEVER MOCKTAILS,Non Alcoholic Mojito,355 mL,"2 / 
$5.50",,$0.77 /100ml,"Regular price
$3.29  ea.","Valid until Feb 7, 2024",https://product-images.metro.ca/images/h98/h1d/9870827552798.jpg,https://www.metro.ca/en/online-grocery/search-page-364
ATTITUDE,Grape Seed Oil And Olive Leaves Scented Nourishing A...,240 mL,"$10.29
 ea.",,$4.29 /100ml,"Regular price
$11.99  ea.","Valid until Feb 7, 2024",,https://www.metro.ca/en/online-grocery/search-page-364
ATTITUDE,Grape Seed Oil And Olive Leaves Scented Nourishing A...,473 mL,"$10.29
 ea.",,$2.18 /100ml,"Regular price
$11.99  ea.","Valid until Feb 7, 2024",,https://www.metro.ca/en/online-grocery/search-page-364
IRRESISTIBLES,Sriracha Flavoured Vegetable Sticks,142 g,"2 / 
$7.00",,$2.46 /100g,"Regular price
$4.69  ea.","Valid until Jan 10, 2024",https://product-images.metro.ca/images/hb8/hd4/9757695442974.jpg,https://www.metro.ca/en/online-grocery/search-page-364
IRRESISTIBLES,Sundried Tomato And Basil Flavoured Vegetable Chips,142 g,"2 / 
$7.00",,$2.46 /100g,"Regular price
$4.69  ea.","Valid until Jan 10, 2024",https://product-images.metro.ca/images/h88/h7b/9823830442014.jpg,https://www.metro.ca/en/online-grocery/search-page-364
IRRESISTIBLES,Frozen Strawberries And Rhubarb,500 g,"3 / 
$12.99",,or $5.99 ea. $0.87 /100g,,"Valid until Feb 14, 2024",https://product-images.metro.ca/images/h6a/hdf/10188663586846.jpg,https://www.metro.ca/en/online-grocery/search-page-364
LIFE SMART,"Chicken Broth, Organic",946 mL,"$3.49
 ea.",,$0.37 /100ml,"Regular price
$4.99  ea.","Valid until Jan 10, 2024",,https://www.metro.ca/en/online-grocery/search-page-364
CORONA EXTRA,Mexican Lager Beer,12x330 mL - bottles,"$23.99
 ea.",,$0.61 /100ml,"Regular price
$25.99  ea.","Valid until Jan 10, 2024",https://product-images.metro.ca/images/h0a/hf5/10143950340126.jpg,https://www.metro.ca/en/online-grocery/search-page-364
SELECTION,"Green Apple Scented Biodegradable Liquid Dish Soap, Eco",650 mL,"$1.99
 ea.",,$0.31 /100ml,"Regular price
$2.49  ea.","Valid until Feb 7, 2024",,https://www.metro.ca/en/online-grocery/search-page-364
LIVE CLEAN,Volumizing Conditioner,350 mL,"$7.99
 ea.",,$2.28 /100ml,,,https://product-images.metro.ca/images/h5a/hd3/10443272650782.jpg,https://www.metro.ca/en/online-grocery/search-page-364
IRRESISTIBLES,Frozen Salted Caramel Belgian Waffles,268 g,"$3.99
 ea.",,$1.49 /100g,"Regular price
$4.49  ea.","Valid until Jan 10, 2024",https://product-images.metro.ca/images/h9d/hb2/9767856832542.jpg,https://www.metro.ca/en/online-grocery/search-page-364
SELECTION,"Biodegradable Dishwasher Rinse Aid, Eco",250 mL,"$1.99
 ea.",,$0.80 /100ml,"Regular price
$3.79  ea.","Valid until Feb 7, 2024",,https://www.metro.ca/en/online-grocery/search-page-364
SELECTION,"Fresh Citrus Scented Dishwashing Liquid Detergent, Eco",650 mL,"$1.99
 ea.",,$0.31 /100ml,"Regular price
$2.49  ea.","Valid until Feb 7, 2024",,https://www.metro.ca/en/online-grocery/search-page-364
IRRESISTIBLES,Brioche Sliced Bread,,"$5.99
 ea.",,$1.20 /100g,"Regular price
$6.49  ea.","Valid until Jan 10, 2024",https://product-images.metro.ca/images/h31/h4d/9796441309214.jpg,https://www.metro.ca/en/online-grocery/search-page-364
IRRESISTIBLES,Mini Brioche Buns,480 g,"$6.29
 ea.",,$1.31 /100g,"Regular price
$6.79  ea.","Valid until Jan 10, 2024",https://product-images.metro.ca/images/h6f/hb5/9796496752670.jpg,https://www.metro.ca/en/online-grocery/search-page-364
IRRESISTIBLES,Brioche Hamburger Buns,,"$4.69
 ea.",,$2.35 /100g,"Regular price
$5.19  ea.","Valid until Jan 10, 2024",https://product-images.metro.ca/images/h82/h6b/9796319608862.jpg,https://www.metro.ca/en/online-grocery/search-page-364
SELECTION,"Multi-Purpose Cleaning Spray, Eco",946 mL,"$2.99
 ea.",,$0.32 /100ml,"Regular price
$3.19  ea.","Valid until Feb 7, 2024",,https://www.metro.ca/en/online-grocery/search-page-364
STELLA ARTOIS,Belgian Blonde Lager Beer,6x355 mL,"3 / 
$35.97",,or $14.49 ea. $0.56 /100ml,"Regular price
$15.49  ea.","Valid until Feb 7, 2024",https://product-images.metro.ca/images/hf4/h1f/10498214854686.jpg,https://www.metro.ca/en/online-grocery/search-page-364
ACTIVIA,1.5% Mixed Berries Flavoured Drinkable Probiotic Yog...,190 mL,"$2.39
 ea.",,$1.26 /100ml,,,,https://www.metro.ca/en/online-grocery/search-page-364
DR ISABELLE,Frozen Chicken Tagine,350 g,"$7.99
 ea.",,$2.28 /100g,,,https://product-images.metro.ca/images/h3a/h10/11412640890910.jpg,https://www.metro.ca/en/online-grocery/search-page-364
DR ISABELLE,Frozen Veggie Penne,375 g,"$7.99
 ea.",,$2.13 /100g,,,https://product-images.metro.ca/images/hd9/hd1/11412641742878.jpg,https://www.metro.ca/en/online-grocery/search-page-364
LECLERC,Half-Coated Milk Chocolate And Chocolate Chip Butter...,240 g,"$4.49
 ea.",,$1.87 /100g,,,,https://www.metro.ca/en/online-grocery/search-page-364
DR ISABELLE,Frozen Dijon Chicken,350 g,"$7.99
 ea.",,$2.28 /100g,,,https://product-images.metro.ca/images/ha0/h95/11412640137246.jpg,https://www.metro.ca/en/online-grocery/search-page-364
SELECTION,"Biodegradable Fragrance Free Dishwasher Tabs, Eco",30 un,"$7.49
 ea.",,$0.25 /un.,,,,https://www.metro.ca/en/online-grocery/search-page-364
CASCADES,"Ultra Soft 2-Ply Bathroom Tissue, Fluff",12x154 un,"$9.99
 ea.",,$0.83 /un.,"Regular price
$11.49  ea.","Valid until Feb 7, 2024",,https://www.metro.ca/en/online-grocery/search-page-364
NESTLÉ,"Tiramisu Flavoured Truffle™ Chocolate Bar, Aero",105 g,"$2.49
 ea.",,$2.37 /100g,"Regular price
$3.49  ea.","Valid until Jan 10, 2024",,https://www.metro.ca/en/online-grocery/search-page-364
LIBERTÉ,Strawberry Banana Flavoured 5% Extra Creamy Greek Yo...,650 g,"$5.97
 ea.",,$0.92 /100g,"Regular price
$8.29  ea.","Valid until Jan 10, 2024",,https://www.metro.ca/en/online-grocery/search-page-364
RUFFLES,"Jalapeño Cheddar Flavoured Chips, Double Crunch",200 g,"2 / 
$8.50",,or $4.99 ea. $2.36 /100g,,"Valid until Jan 24, 2024",,https://www.metro.ca/en/online-grocery/search-page-365
IÖGO,1% Apple And Grape Flavoured Lactose-Free Drinkable ...,6x93 mL,"$5.79
 ea.",,$6.23 /100ml,,,,https://www.metro.ca/en/online-grocery/search-page-365
DRUMSTICK,Chocolate Dipped Vanilla Flavoured Mini Dessert Cone...,6x63 mL,"$5.99
 ea.",,$1.58 /100ml,"Regular price
$8.79  ea.","Valid until Jan 24, 2024",,https://www.metro.ca/en/online-grocery/search-page-365
ACTIVIA,"1.5% Peach-Mango Drinkable Probiotic Yogurt, Smoothie",190 mL,"$2.39
 ea.",,$1.26 /100ml,,,,https://www.metro.ca/en/online-grocery/search-page-365
KICKING HORSE,Organic Cliff Hanger Espresso Medium Whole Coffee Bean,1 kg,"$37.99
 ea.",,$3.80 /100g,,,https://product-images.metro.ca/images/h4c/h5e/11883490476062.jpg,https://www.metro.ca/en/online-grocery/search-page-365
DANONE,"2% Strawberry Flavoured Drinkable Yogurt, Go!",190 mL,"$1.79
 ea.",,$0.94 /100ml,,,,https://www.metro.ca/en/online-grocery/search-page-365
OLYMPIC,3.5% Organic Vanilla Greek Yogurt,650 g,"$5.99
 ea.",,$0.92 /100g,"Regular price
$7.49  ea.","Valid until Feb 14, 2024",https://product-images.metro.ca/images/h9e/hfe/9847297048606.jpg,https://www.metro.ca/en/online-grocery/search-page-365
DANONE,"2% Strawberry-Banana Flavoured Drinkable Yogurt, Go!",190 mL,"$1.79
 ea.",,$0.94 /100ml,,,,https://www.metro.ca/en/online-grocery/search-page-365
BETTY CROCKER,"Rainbow Frosting Cookie, Dunkaroos",168 g,"$3.99
 ea.",,$2.37 /100g,"Regular price
$5.49  ea.","Valid until Feb 7, 2024",,https://www.metro.ca/en/online-grocery/search-page-365
DOLE,No Sugar Added Canned Fruit,540 mL,"$4.69
 ea.",,$0.87 /100ml,,,https://product-images.metro.ca/images/hd1/h75/10794905272350.jpg,https://www.metro.ca/en/online-grocery/search-page-365
BETTY CROCKER,"Chocolate Frosting Cookie, Dunkaroos",168 g,"$3.99
 ea.",,$2.37 /100g,"Regular price
$5.49  ea.","Valid until Feb 7, 2024",,https://www.metro.ca/en/online-grocery/search-page-365
LA CAGE,Frozen Spicy Ranch Chicken Wings,550 g,"$8.99
 ea.",,$1.63 /100g,"Regular price
$15.99  ea.","Valid until Jan 10, 2024",https://product-images.metro.ca/images/hff/h8b/11493188075550.jpg,https://www.metro.ca/en/online-grocery/search-page-365
,Broccoli Crown,1 un,"$2.99
 ea.",,$2.99 /un.,,,https://product-images.metro.ca/images/h41/h84/11493202329630.jpg,https://www.metro.ca/en/online-grocery/search-page-365
YOPLAIT,"Coconut Flavoured Drinkable Yogurt, Yop",200 mL,"3 / 
$3.33",,$0.56 /100ml,"Regular price
4 / $5.00","Valid until Feb 14, 2024",,https://www.metro.ca/en/online-grocery/search-page-365
YOPLAIT,"Strawberry Flavoured 1% Drinkable Yogurt, Yop",200 mL,"3 / 
$3.33",,$0.56 /100ml,"Regular price
4 / $5.00","Valid until Feb 14, 2024",,https://www.metro.ca/en/online-grocery/search-page-365
GERBER,Garden Vegetables Baby Puree,162 mL,"$2.49
 ea.",,$1.54 /100ml,"Regular price
$2.99  ea.","Valid until Feb 7, 2024",https://product-images.metro.ca/images/hdb/h5e/10792210956318.jpg,https://www.metro.ca/en/online-grocery/search-page-365
GERBER,"Maca And Cheese With Carrots Baby Puree, 8+ Months",162 mL,"$2.49
 ea.",,$1.54 /100ml,"Regular price
$2.99  ea.","Valid until Feb 7, 2024",,https://www.metro.ca/en/online-grocery/search-page-365
PERSONNELLE,"Size 1 Diapers, Bébé",44 un,"$7.99
 ea.",,$0.18 /un.,"Regular price
$10.49  ea.","Valid until Feb 7, 2024",,https://www.metro.ca/en/online-grocery/search-page-365
SELECTION,Apple Scented Dishwashing Liquid Detergent,591 mL,"$1.99
 ea.",,$0.34 /100ml,"Regular price
$2.99  ea.","Valid until Feb 7, 2024",https://product-images.metro.ca/images/h53/h18/10836308066334.jpg,https://www.metro.ca/en/online-grocery/search-page-365
BABY GOURMET,"Banana, Fig, Oatmeal And Greek Yogurt Flavoured Orga...",128 mL,"$2.79
 ea.",,$2.18 /100ml,,,,https://www.metro.ca/en/online-grocery/search-page-365
JELL-O,Dulce Leche Pudding,4x106 g,"2 / 
$8.00",,$0.94 /100g,"Regular price
$4.79  ea.","Valid until Feb 14, 2024",https://product-images.metro.ca/images/haf/hb7/10823611383838.jpg,https://www.metro.ca/en/online-grocery/search-page-365
BELLA CASARA,Burratini Cheese,125 g,"$8.00
 ea.",,$6.40 /100g,"Regular price
$9.79  ea.","Valid until Jan 10, 2024",https://product-images.metro.ca/images/h82/h35/10816557252638.jpg,https://www.metro.ca/en/online-grocery/search-page-365
RIVIERA,Maple Syrup And Blueberry Flavoured Greek Yogurt,4x120 g,"$6.59
 ea.",,$5.49 /100g,,,https://product-images.metro.ca/images/hba/h6a/10904285118494.jpg,https://www.metro.ca/en/online-grocery/search-page-365
RIVIERA,Pineapple And Passionfruit Flavoured Greek Yogurt,4x120 g,"$6.59
 ea.",,$5.49 /100g,,,https://product-images.metro.ca/images/h8e/h33/10904279744542.jpg,https://www.metro.ca/en/online-grocery/search-page-365
,Yellow Onions,2 lb,"$1.99
 ea.",,$0.22 /100g,"Regular price
$2.99  ea.","Valid until Jan 10, 2024",https://product-images.metro.ca/images/h81/h93/11511771627550.jpg,https://www.metro.ca/en/online-grocery/search-page-365
CANADA DRY,Zero Sugar Ginger Ale,12x355 mL,"$6.98
 ea.",,$1.97 /100ml,"Regular price
$7.99  ea.","Valid until Jan 10, 2024",https://product-images.metro.ca/images/h13/h36/12175595601950.jpg,https://www.metro.ca/en/online-grocery/search-page-365
FANTA,Orange Flavoured Soft Drinks,12x355 mL,"$6.98
 ea.",,$1.97 /100ml,"Regular price
$7.99  ea.","Valid until Jan 10, 2024",https://product-images.metro.ca/images/h97/h7b/11367350042654.jpg,https://www.metro.ca/en/online-grocery/search-page-365
OZER,Yerba Mate And Peach Flavoured Noon Infusion,355 mL,"2 / 
$7.00",,$0.99 /100ml,"Regular price
$3.99  ea.","Valid until Feb 7, 2024",https://product-images.metro.ca/images/h66/hcc/11322074923038.jpg,https://www.metro.ca/en/online-grocery/search-page-365
OZER,Cherry And Chamomile Flavoured Evening Infusion,355 mL,"2 / 
$7.00",,$0.99 /100ml,"Regular price
$3.99  ea.","Valid until Feb 7, 2024",https://product-images.metro.ca/images/hee/hd1/11322084360222.jpg,https://www.metro.ca/en/online-grocery/search-page-365
OZER,Orange And Ginseng Flavoured Morning Infusion,355 mL,"2 / 
$7.00",,$0.99 /100ml,"Regular price
$3.99  ea.","Valid until Feb 7, 2024",https://product-images.metro.ca/images/h54/h19/11322317537310.jpg,https://www.metro.ca/en/online-grocery/search-page-365
POST,"Apple Fritter Naturally Flavoured Cereal, Tim Hortons",354 g,"$5.79
 ea.",,$1.64 /100g,,,,https://www.metro.ca/en/online-grocery/search-page-366
SELECTION,9" Chocolate Pie Crust,170 g,"$3.29
 ea.",,$1.94 /100g,,,,https://www.metro.ca/en/online-grocery/search-page-366
OZER,Guava And Ginkgo Biloba Flavoured Afternoon Infusion,355 mL,"2 / 
$7.00",,$0.99 /100ml,"Regular price
$3.99  ea.","Valid until Feb 7, 2024",https://product-images.metro.ca/images/h0d/h43/11322084425758.jpg,https://www.metro.ca/en/online-grocery/search-page-366
BRETON,Gluten Free Garden Vegetable Crackers,135 g,"$1.99
 ea.",,$1.47 /100g,"Regular price
$4.29  ea.","Valid until Jan 10, 2024",https://product-images.metro.ca/images/hb1/h4d/11351912185886.jpg,https://www.metro.ca/en/online-grocery/search-page-366
DOVE,"Green Tea And Cucumber Body Wash, Go Fresh",325 mL,"$6.49
 ea.",,$2.00 /100ml,,,,https://www.metro.ca/en/online-grocery/search-page-366
DOVE,Deep Moisture Nourishing Body Wash,325 mL,"$6.49
 ea.",,$2.00 /100ml,,,https://product-images.metro.ca/images/h1b/h67/11522031812638.jpg,https://www.metro.ca/en/online-grocery/search-page-366
DOVE,Sensitive Skin Body Wash,325 mL,"$6.49
 ea.",,$2.00 /100ml,,,https://product-images.metro.ca/images/hd3/h6a/12175542124574.jpg,https://www.metro.ca/en/online-grocery/search-page-366
DARE,"Chocolate Chips Cookies, Breaktime",250 g,"$2.49
 ea.",,$1.00 /100g,,,,https://www.metro.ca/en/online-grocery/search-page-366
DARE,"Oatmeal Cookies, Breaktime",250 g,"$2.49
 ea.",,$1.00 /100g,,,,https://www.metro.ca/en/online-grocery/search-page-366
EARTH'S OWN,Unsweetened Original Flavour Fortified Oat Beverage,1.75 L,"$4.99
 ea.",,$0.29 /100ml,,,https://product-images.metro.ca/images/h90/he1/12175540650014.jpg,https://www.metro.ca/en/online-grocery/search-page-366
DARE,"Coconut Cookies, Breaktime",250 g,"$2.49
 ea.",,$1.00 /100g,,,,https://www.metro.ca/en/online-grocery/search-page-366
KELLOGG'S,"Family Size, Cereals, Vector",550 g,"$7.99
 ea.",,$1.45 /100g,,,,https://www.metro.ca/en/online-grocery/search-page-366
AIR WICK,"Lavender-Waterlily Scented Air Freshener, Essential ...",1 un,"$9.49
 ea.",,$9.49 /un.,,,,https://www.metro.ca/en/online-grocery/search-page-366
AIR WICK,"Lavender-Waterlily Freshener Refill, Essential Oils",2x20 mL,"$11.49
 ea.",,$28.73 /100ml,"Regular price
$12.99  ea.","Valid until Feb 7, 2024",,https://www.metro.ca/en/online-grocery/search-page-366
TRE STELLE,Original Cream Cheese,200 g,"$4.49
 ea.",,$2.25 /100g,,,https://product-images.metro.ca/images/h32/hee/11304032731166.jpg,https://www.metro.ca/en/online-grocery/search-page-366
MONSTER,"Lemonade Flavoured Energy Drink, Energy",473 mL,"2 / 
$5.50",,$0.58 /100ml,"Regular price
$3.99  ea.","Valid until Jan 24, 2024",,https://www.metro.ca/en/online-grocery/search-page-366
CANADA DRY,Zero Sugar Ginger Ale,2 L,"$3.69
 ea.",,$0.18 /100ml,,,https://product-images.metro.ca/images/h6d/hbe/12175544680478.jpg,https://www.metro.ca/en/online-grocery/search-page-366
RITZ,Sweet Chili And Sour Cream Cheese Crackers,200 g,"$3.49
 ea.",,$1.75 /100g,"Regular price
$4.19  ea.","Valid until Jan 24, 2024",https://product-images.metro.ca/images/hc0/h4e/11746738438174.jpg,https://www.metro.ca/en/online-grocery/search-page-366
GUINNESS,"Cold Brew Coffee Irish Stout, Nitro",4x440 mL,"2 / 
$23.98",,or $13.99 ea. $0.68 /100ml,"Regular price
$14.99  ea.","Valid until Feb 7, 2024",,https://www.metro.ca/en/online-grocery/search-page-366
RITZ,"Cheddar Cheese And Jalapeno Flavoured Crackers, Ritz",200 g,"$3.49
 ea.",,$1.75 /100g,"Regular price
$4.19  ea.","Valid until Jan 24, 2024",,https://www.metro.ca/en/online-grocery/search-page-366
NESTLÉ,"Salted Caramel Fudge Flavoured Ice Cream, Aero",450 mL,"$4.99
 ea.",,$1.11 /100ml,"Regular price
$6.69  ea.","Valid until Jan 24, 2024",,https://www.metro.ca/en/online-grocery/search-page-366
ASTRO,"6% Mango And Vanilla Flavoured Yogurt, Original",625 g,"$4.69
 ea.",,$0.75 /100g,,,,https://www.metro.ca/en/online-grocery/search-page-366
ASTRO,"6% White Chocolate And Raspberry Flavoured Yogurt, O...",625 g,"$4.69
 ea.",,$0.75 /100g,,,,https://www.metro.ca/en/online-grocery/search-page-366
HÄAGEN-DAZS,"Vanilla, Raspberry And Truffle Flavoured Ice Cream",400 mL,"$4.99
 ea.",,$1.25 /100ml,"Regular price
$6.69  ea.","Valid until Jan 24, 2024",https://product-images.metro.ca/images/h89/h96/12175605760030.jpg,https://www.metro.ca/en/online-grocery/search-page-366
NESTLÉ,"Tiramisu Flavoured Ice Cream, Aero",450 mL,"$4.99
 ea.",,$1.11 /100ml,"Regular price
$6.69  ea.","Valid until Jan 24, 2024",,https://www.metro.ca/en/online-grocery/search-page-366
LAVAZZA,"Capsules Of Decaffeinated Roasted Ground Coffee, Esp...",10 un,"$7.99
 ea.",,$0.80 /un.,,,,https://www.metro.ca/en/online-grocery/search-page-366
BEN'S ORIGINAL,"Jasmine Rice, Bistro Express",490 g,"$6.29
 ea.",,$1.28 /100g,,,,https://www.metro.ca/en/online-grocery/search-page-366
BEN'S ORIGINAL,"Basmati Rice Value Pack, Bistro Express",490 g,"$6.29
 ea.",,$1.28 /100g,,,,https://www.metro.ca/en/online-grocery/search-page-366
BEN'S ORIGINAL,"Mexican-Style Rice Value Pack, Bistro Express",490 g,"$6.29
 ea.",,$1.28 /100g,,,,https://www.metro.ca/en/online-grocery/search-page-366
BEN'S ORIGINAL,"Vegetable Medley Rice, Bistro Express",490 g,"$6.29
 ea.",,$1.28 /100g,,,,https://www.metro.ca/en/online-grocery/search-page-366
BUBLY,Raspberry Flavoured Sparkling Water,12x355 mL,"2 / 
$11.48",,or $6.49 ea. $1.62 /100ml,,"Valid until Feb 7, 2024",https://product-images.metro.ca/images/hef/hb1/12175579021342.jpg,https://www.metro.ca/en/online-grocery/search-page-367
DANONE,"1.5% Strawberry Flavoured Drinkable Yogurts, Danino",6x93 mL,"$4.49
 ea.",,$0.80 /100ml,,,,https://www.metro.ca/en/online-grocery/search-page-367
MONSTER,"Peach Flavoured Zero Sugar Energy Drink, Energy",473 mL,"2 / 
$5.50",,$0.58 /100ml,"Regular price
$3.99  ea.","Valid until Jan 24, 2024",,https://www.metro.ca/en/online-grocery/search-page-367
DARE,"Basil And Olive Oil Flavoured Crackers, Breton",200 g,"$1.99
 ea.",,$1.00 /100g,"Regular price
$4.29  ea.","Valid until Jan 10, 2024",,https://www.metro.ca/en/online-grocery/search-page-367
MOLSON,"Mimosa Flavoured Alcoholic Sparkling Water, Vizzy",12x355 mL,"$25.99
 ea.",,$7.32 /100ml,,,,https://www.metro.ca/en/online-grocery/search-page-367
PRANA,Rainbow Flavoured Organic Granola Bar,120 g,"$4.99
 ea.",,$4.16 /100g,,,https://product-images.metro.ca/images/h8c/h57/11307323785246.jpg,https://www.metro.ca/en/online-grocery/search-page-367
PRANA,Berry Blast Flavoured Organic Granola Bar,120 g,"$4.99
 ea.",,$4.16 /100g,,,https://product-images.metro.ca/images/h4c/h5a/11307270373406.jpg,https://www.metro.ca/en/online-grocery/search-page-367
PRANA,Bongo Choco Flavoured Organic Granola Bar,120 g,"$4.99
 ea.",,$4.16 /100g,,,https://product-images.metro.ca/images/hec/h82/11307333517342.jpg,https://www.metro.ca/en/online-grocery/search-page-367
DARE,"Ginger Cookies, Breaktime",250 g,"$2.49
 ea.",,$1.00 /100g,,,,https://www.metro.ca/en/online-grocery/search-page-367
VIO,Italian Golden Dressing,500 mL,"$5.49
 ea.",,$1.10 /100ml,"Regular price
$5.99  ea.","Valid until Jan 10, 2024",https://product-images.metro.ca/images/hb6/h8a/11333115871262.jpg,https://www.metro.ca/en/online-grocery/search-page-367
LAVAZZA,"Roasted Coffee Capsules, Espresso Maestro",10 un,"$7.99
 ea.",,$0.80 /un.,,,,https://www.metro.ca/en/online-grocery/search-page-367
LAVAZZA,"Roasted Coffee Capsules, Espresso Maestro",10 un,"$7.99
 ea.",,$0.80 /un.,,,,https://www.metro.ca/en/online-grocery/search-page-367
CERAMA BRYTE,Granite And Quartz Cleaner,473 ml,"$5.99
 ea.",,$1.27 /100ml,"Regular price
$6.49  ea.","Valid until Feb 7, 2024",https://product-images.metro.ca/images/h2a/h22/11386364985374.jpg,https://www.metro.ca/en/online-grocery/search-page-367
VIO,French Style Dressing,500 mL,"$5.49
 ea.",,$1.10 /100ml,"Regular price
$5.99  ea.","Valid until Jan 10, 2024",https://product-images.metro.ca/images/hec/h21/12051054657566.jpg,https://www.metro.ca/en/online-grocery/search-page-367
DOWNY,Lavender And Vanilla Bean Scented Liquid Fabric Soft...,946 mL,"$8.99
 ea.",,$0.95 /100ml,,,,https://www.metro.ca/en/online-grocery/search-page-367
CHRISTIE,"White Fudge Covered Sandwich Cookies, Oreo",240 g,"$3.79
 ea.",,$1.58 /100g,"Regular price
$4.79  ea.","Valid until Jan 24, 2024",,https://www.metro.ca/en/online-grocery/search-page-367
SELECTION,Penne Pasta,900 g,"$1.47
 ea.",,$0.16 /100g,"Regular price
$2.99  ea.","Valid until Jan 10, 2024",https://product-images.metro.ca/images/hbb/ha8/10402370879518.jpg,https://www.metro.ca/en/online-grocery/search-page-367
DEL MONTE,Mango Nectar,960 mL,"$2.39
 ea.",,$0.25 /100ml,,,https://product-images.metro.ca/images/hb6/h07/10967819681822.jpg,https://www.metro.ca/en/online-grocery/search-page-367
,Local Russet Potatoes,10 lb,"$4.99
 ea.",,$4.99 /un.,"Regular price
$6.99  ea.","Valid until Jan 10, 2024",https://product-images.metro.ca/images/h0f/hef/9761232060446.jpg,https://www.metro.ca/en/online-grocery/search-page-367
SELECTION,Conchigliette Pasta,900 g,"$1.47
 ea.",,$0.16 /100g,"Regular price
$2.99  ea.","Valid until Jan 10, 2024",https://product-images.metro.ca/images/h4e/h56/10402370355230.jpg,https://www.metro.ca/en/online-grocery/search-page-367
SELECTION,Chocolate Chunk Brownie Mix,432 g,"$2.49
 ea.",,$0.58 /100g,"Regular price
$2.79  ea.","Valid until Feb 7, 2024",https://product-images.metro.ca/images/h28/h1e/9319726186526.jpg,https://www.metro.ca/en/online-grocery/search-page-367
WHOLLY VEGGIE,Frozen Ranch Cauliflower Wings,375 g,"$8.29
 ea.",,$2.21 /100g,,,https://product-images.metro.ca/images/hbe/h78/11669722300446.jpg,https://www.metro.ca/en/online-grocery/search-page-367
METROGO!,Seasoned Pork Meatballs,,"$13.87
 avg. ea.",(900 g avg.),$15.41 /kg$6.99 /lb.,"Regular price
$15.85  avg. ea.","Valid until Jan 10, 2024",https://product-images.metro.ca/images/h11/h33/9322498916382.jpg,https://www.metro.ca/en/online-grocery/search-page-367
MERIT,Parisian Bread,468 g,"$3.79
 ea.",,$0.81 /100g,"Regular price
$4.49  ea.","Valid until Jan 10, 2024",https://product-images.metro.ca/images/h1a/h43/10265274056734.jpg,https://www.metro.ca/en/online-grocery/search-page-367
BIRRA MORETTI,Italian Lager Beer,12x330 mL - bottles,"$23.99
 ea.",,$0.61 /100ml,"Regular price
$25.99  ea.","Valid until Jan 10, 2024",https://product-images.metro.ca/images/h6e/h67/9486734229534.jpg,https://www.metro.ca/en/online-grocery/search-page-367
SNUGGLE,Cuddle-Up Fresh® Liquid Softener,3.41 L,"$15.99
 ea.",,$0.11 /load,,,https://product-images.metro.ca/images/haa/h7f/9336463949854.jpg,https://www.metro.ca/en/online-grocery/search-page-367
PREMIÈRE MOISSON,50% Less Sodium Ciabatta Baguette,325 g,"$3.49
 ea.",,$1.07 /100g,"Regular price
$3.79  ea.","Valid until Jan 10, 2024",https://product-images.metro.ca/images/hd3/h6d/11541238349854.jpg,https://www.metro.ca/en/online-grocery/search-page-367
NATREL,"Lactose-Free 2% Protein Milk, Plus",2 L,"$5.99
 ea.",,$0.30 /100ml,"Regular price
$7.49  ea.","Valid until Jan 10, 2024",,https://www.metro.ca/en/online-grocery/search-page-367
LACTANTIA,"1% Chocolate Milk, UltraPur",1.5 L,"$6.29
 ea.",,$0.42 /100ml,,,,https://www.metro.ca/en/online-grocery/search-page-367
NATREL,"Lactose-Free 2% Chocolate Protein Milk, Plus",2 L,"$5.99
 ea.",,$0.30 /100ml,"Regular price
$7.49  ea.","Valid until Jan 10, 2024",,https://www.metro.ca/en/online-grocery/search-page-367
SELECTION,Sliced Pepperoni,250 g,"$5.79
 ea.",,$2.32 /100g,,,https://product-images.metro.ca/images/h6e/h38/10009504645150.jpg,https://www.metro.ca/en/online-grocery/search-page-368
LESTERS,Garlic Bologna,600 g,"$6.49
 ea.",,$1.08 /100g,"Regular price
$7.49  ea.","Valid until Jan 10, 2024",https://product-images.metro.ca/images/h26/hce/11117397311518.jpg,https://www.metro.ca/en/online-grocery/search-page-368
LESTERS,Bologna To Grill,675 g,"$6.49
 ea.",,$0.96 /100g,"Regular price
$7.49  ea.","Valid until Jan 10, 2024",https://product-images.metro.ca/images/h9e/h3c/10841552224286.jpg,https://www.metro.ca/en/online-grocery/search-page-368
SELECTION,Shaved Black Forest Smoked Ham,175 g,"$5.99
 ea.",,$3.42 /100g,,,https://product-images.metro.ca/images/hb2/h55/9355450908702.jpg,https://www.metro.ca/en/online-grocery/search-page-368
SELECTION,Sliced Whole Wheat Bagels,6 un - 510 g,"$4.49
 ea.",,$0.88 /100g,,,https://product-images.metro.ca/images/hd6/h10/9375300059166.jpg,https://www.metro.ca/en/online-grocery/search-page-368
COORS,"Lager Beer, Original",12x355 mL - cans,"$23.99
 ea.",,$6.76 /100ml,,,,https://www.metro.ca/en/online-grocery/search-page-368
MONSTER,Ultra Paradise Zero Sugar Energy Drink,473 mL,"2 / 
$5.50",,$0.58 /100ml,"Regular price
$3.99  ea.","Valid until Jan 24, 2024",https://product-images.metro.ca/images/h26/hd6/10905671172126.jpg,https://www.metro.ca/en/online-grocery/search-page-368
STEFANO FAITA,Primavera Pasta Sauce,648 mL,"$7.49
 ea.",,$1.16 /100ml,"Regular price
$7.99  ea.","Valid until Jan 24, 2024",https://product-images.metro.ca/images/hdd/he4/10946162556958.jpg,https://www.metro.ca/en/online-grocery/search-page-368
STEFANO FAITA,Rosée Pasta Sauce,648 mL,"$7.49
 ea.",,$1.16 /100ml,"Regular price
$7.99  ea.","Valid until Jan 24, 2024",https://product-images.metro.ca/images/h3d/hb0/10778734329886.jpg,https://www.metro.ca/en/online-grocery/search-page-368
STEFANO FAITA,Sausage And Mushroom Flavoured Pasta Sauce,635 mL,"$8.49
 ea.",,$1.34 /100ml,"Regular price
$8.99  ea.","Valid until Jan 24, 2024",https://product-images.metro.ca/images/hbc/h99/10946161803294.jpg,https://www.metro.ca/en/online-grocery/search-page-368
STEFANO FAITA,Meat Pasta Sauce,635 mL,"$8.49
 ea.",,$1.34 /100ml,"Regular price
$8.99  ea.","Valid until Jan 24, 2024",https://product-images.metro.ca/images/h24/h82/11198140547102.jpg,https://www.metro.ca/en/online-grocery/search-page-368
SELECTION,Peas And Carrots,540 mL,"$2.29
 ea.",,$0.42 /100ml,"Regular price
$2.69  ea.","Valid until Jan 10, 2024",https://product-images.metro.ca/images/h68/h51/9647778005022.jpg,https://www.metro.ca/en/online-grocery/search-page-368
GENERAL MILLS,"Triple Berry Flavoured Oat Cereal, Oatmeal Crisp",399 g,"$4.99
 ea.",,$1.25 /100g,"Regular price
$7.29  ea.","Valid until Feb 7, 2024",,https://www.metro.ca/en/online-grocery/search-page-368
GENERAL MILLS,"Maple And Nut Oat Cereal, Oatmeal Crisp",423 g,"$4.99
 ea.",,$1.18 /100g,"Regular price
$7.29  ea.","Valid until Feb 7, 2024",,https://www.metro.ca/en/online-grocery/search-page-368
PEACE TEA,Cheeky Cherry Flavoured Iced Tea,695 mL,"$1.49
 ea.",,$0.21 /100ml,,,https://product-images.metro.ca/images/h0a/hf3/12175013380126.jpg,https://www.metro.ca/en/online-grocery/search-page-368
FINISH,"Quantum Ultimate™ Dishwasher Detergent Tabs, Powerball",26 un,"$10.99
 ea.",,$0.42 /un.,"Regular price
$14.99  ea.","Valid until Feb 7, 2024",,https://www.metro.ca/en/online-grocery/search-page-368
STEFANO FAITA,Marinara Pasta Sauce,660 mL,"$7.49
 ea.",,$1.13 /100ml,"Regular price
$7.99  ea.","Valid until Jan 24, 2024",https://product-images.metro.ca/images/h2f/h25/11198144282654.jpg,https://www.metro.ca/en/online-grocery/search-page-368
FINISH,"All In 1 Max™ Dishwasher Detergent Tabs, Powerball",55 un,"$18.99
 ea.",,$0.35 /un.,,,,https://www.metro.ca/en/online-grocery/search-page-368
STEFANO FAITA,Arrabbiata Pasta Sauce,660 mL,"$7.49
 ea.",,$1.13 /100ml,"Regular price
$7.99  ea.","Valid until Jan 24, 2024",https://product-images.metro.ca/images/h00/hd9/10946162753566.jpg,https://www.metro.ca/en/online-grocery/search-page-368
FINISH,"Quantum Ultimate™ Dishwasher Detergent Tabs, Powerball",40 un,"$18.99
 ea.",,$0.47 /un.,,,,https://www.metro.ca/en/online-grocery/search-page-368
LECLERC,"Strawberry Flavoured Fruit And Oat Bars, Go Pure",5x28 g,"$4.29
 ea.",,$3.06 /100g,,,,https://www.metro.ca/en/online-grocery/search-page-368
LECLERC,"Cherry Flavoured Fruit And Oat Bars, Go Pure",5x28 g,"$4.29
 ea.",,$3.06 /100g,,,,https://www.metro.ca/en/online-grocery/search-page-368
LECLERC,"Raspberry Flavoured Fruit And Oat Bars, Go Pure",5x28 g,"$4.29
 ea.",,$3.06 /100g,,,,https://www.metro.ca/en/online-grocery/search-page-368
LECLERC,"Banana And Strawberry Flavoured Fruit And Oat Bars, ...",5x28 g,"$4.29
 ea.",,$3.06 /100g,,,,https://www.metro.ca/en/online-grocery/search-page-368
STEFANO FAITA,Tomato And Basil Pasta Sauce,648 mL,"$7.49
 ea.",,$1.16 /100ml,"Regular price
$7.99  ea.","Valid until Jan 24, 2024",https://product-images.metro.ca/images/ha8/h15/10778736099358.jpg,https://www.metro.ca/en/online-grocery/search-page-368
OREO,Mega Stuffed Sandwich Cookies,374 g,"$4.49
 ea.",,$1.20 /100g,"Regular price
$5.99  ea.","Valid until Jan 10, 2024",https://product-images.metro.ca/images/hdc/h47/11319995662366.jpg,https://www.metro.ca/en/online-grocery/search-page-368
DAIYA,Plant-Based Cheddar Style Shreds,200 g,"$5.49
 ea.",,$2.75 /100g,"Regular price
$7.49  ea.","Valid until Feb 14, 2024",https://product-images.metro.ca/images/h25/h14/11817010102302.jpg,https://www.metro.ca/en/online-grocery/search-page-368
HANS FREITAG,Noblesse Assorted Wafers And Cookies,300 g,"$5.99
 ea.",,$2.00 /100g,,,https://product-images.metro.ca/images/hea/hc8/12050949111838.jpg,https://www.metro.ca/en/online-grocery/search-page-368
SAVOURA,"Cherry Tomatoes, Cerizo",150 g,"2 / 
$6.00",,$2.00 /100g,"Regular price
$3.99  ea.","Valid until Jan 10, 2024",,https://www.metro.ca/en/online-grocery/search-page-369
HANS FREITAG,Desiree Assorted Wafers,300 g,"$5.99
 ea.",,$2.00 /100g,,,https://product-images.metro.ca/images/hdf/h91/12050955993118.jpg,https://www.metro.ca/en/online-grocery/search-page-369
RIVIERA,Raspberry Flavoured Coconut Milk Kefir,946 mL,"$6.79
 ea.",,$0.72 /100ml,,,https://product-images.metro.ca/images/h36/hdc/11574209019934.jpg,https://www.metro.ca/en/online-grocery/search-page-369
BUBLY,Blackberry Flavoured Sparkling Water,12x355 mL,"2 / 
$11.48",,or $6.49 ea. $1.62 /100ml,,"Valid until Feb 7, 2024",https://product-images.metro.ca/images/h5f/hbc/10135973363742.jpg,https://www.metro.ca/en/online-grocery/search-page-369
IÖGO,1% Strawberry And Banana Flavoured Lactose-Free Drin...,6x93 mL,"$5.79
 ea.",,$6.23 /100ml,,,,https://www.metro.ca/en/online-grocery/search-page-369
GENERAL MILLS,"Oat Cereal With Almonds, Oatmeal Crisp",437 g,"$4.99
 ea.",,$1.14 /100g,"Regular price
$7.29  ea.","Valid until Feb 7, 2024",,https://www.metro.ca/en/online-grocery/search-page-369
DOVE,"Soap Bars With Shea Butter, Purely Pampering",3x106 g,"$7.79
 ea.",,$2.45 /100g,,,,https://www.metro.ca/en/online-grocery/search-page-369
DOVE,Cool Moisture Cucumber And Green Tea Scented Soap Ba...,3x106 g,"$7.79
 ea.",,$2.45 /100g,,,,https://www.metro.ca/en/online-grocery/search-page-369
DOVE,Relaxing Lavender Scented Soap Bars,3x106 g,"$7.79
 ea.",,$2.45 /100g,,,https://product-images.metro.ca/images/h16/h3a/12073356722206.jpg,https://www.metro.ca/en/online-grocery/search-page-369
LAY'S,"Ketchup Flavoured Chips, Value Pack",235 g,"2 / 
$7.50",,$1.60 /100g,"Regular price
$4.49  ea.","Valid until Jan 10, 2024",,https://www.metro.ca/en/online-grocery/search-page-369
NATREL,10% Half & Half Cream,1 L,"$5.99
 ea.",,$0.60 /100ml,,,https://product-images.metro.ca/images/h01/h63/9523751649310.jpg,https://www.metro.ca/en/online-grocery/search-page-369
LINDT,"Mint Dark Chocolate Bar, Excellence",100 g,"$5.29
 ea.",,$5.29 /100g,,"Valid until Jan 10, 2024",,https://www.metro.ca/en/online-grocery/search-page-369
RIVIERA,Cherry Flavoured Coconut Milk Vegan Yogurt,500 g,"$6.79
 ea.",,$1.36 /100g,,,https://product-images.metro.ca/images/h96/h17/11570969116702.jpg,https://www.metro.ca/en/online-grocery/search-page-369
NATURE VALLEY,"Roasted Mixed Nut Granola Bars, Sweet & Salty",210 g,"2 / 
$7.00",,$1.67 /100g,"Regular price
$4.99  ea.","Valid until Feb 7, 2024",,https://www.metro.ca/en/online-grocery/search-page-369
,Yellow Vidalia Onion,,"$2.61
 avg. ea.",(440 g avg.),$5.93 /kg$2.69 /lb.,,,https://product-images.metro.ca/images/h73/hd0/8835050569758.jpg,https://www.metro.ca/en/online-grocery/search-page-369
POST,"Almond Flavoured Cereal, Honey Bunches Of Oats",340 g,"$5.79
 ea.",,$1.70 /100g,,,,https://www.metro.ca/en/online-grocery/search-page-369
POST,"Honey Roasted Cereal, Honey Bunches Of Oats",340 g,"$5.79
 ea.",,$1.70 /100g,,,,https://www.metro.ca/en/online-grocery/search-page-369
LAY'S,Reduced Fat Original Flavour Oven Baked Chips,177 g,"2 / 
$7.50",,$2.12 /100g,"Regular price
$4.49  ea.","Valid until Jan 10, 2024",https://product-images.metro.ca/images/h2c/heb/12245561704478.jpg,https://www.metro.ca/en/online-grocery/search-page-369
AHA,Pineapple And Passionfruit Flavoured Sparkling Water,12x355 mL,"$6.99
 ea.",,$1.97 /100ml,"Regular price
$7.99  ea.","Valid until Feb 7, 2024",https://product-images.metro.ca/images/h20/h72/11478026518558.jpg,https://www.metro.ca/en/online-grocery/search-page-369
LECLERC,"Wild Blueberry Fruit And Oat Bars, Go Pure",140 g,"$4.29
 ea.",,$3.06 /100g,,,,https://www.metro.ca/en/online-grocery/search-page-369
AHA,Raspberry And Acai Flavoured Sparkling Water,12x355 mL,"$6.99
 ea.",,$1.97 /100ml,"Regular price
$7.99  ea.","Valid until Feb 7, 2024",https://product-images.metro.ca/images/hd2/h09/11478026420254.jpg,https://www.metro.ca/en/online-grocery/search-page-369
DAWN,"Refreshing Rain Scented Dish Soap, Platinum",431 mL,"$3.29
 ea.",,$0.76 /100ml,"Regular price
$3.99  ea.","Valid until Feb 7, 2024",,https://www.metro.ca/en/online-grocery/search-page-369
DAWN,"Original Scented Liquid Dish Soap, Ultra",982 mL,"$6.29
 ea.",,$0.64 /100ml,,,,https://www.metro.ca/en/online-grocery/search-page-369
DAWN,"Original Scented Dish Soap, Ultra",473 mL,"$3.29
 ea.",,$0.70 /100ml,"Regular price
$3.59  ea.","Valid until Feb 7, 2024",,https://www.metro.ca/en/online-grocery/search-page-369
SIMPLE DROP,Peach Flavoured Enhanced Water,1 L,"$2.19
 ea.",,$0.22 /100ml,,,https://product-images.metro.ca/images/hfd/h53/11463553941534.jpg,https://www.metro.ca/en/online-grocery/search-page-369
SIMPLE DROP,Raspberry Enhanced Flavoured Water,1 L,"$2.19
 ea.",,$0.22 /100ml,,,https://product-images.metro.ca/images/hf3/h29/11351739138078.jpg,https://www.metro.ca/en/online-grocery/search-page-369
FRUITÉ,"Pinea Colada Fruit Drink, Limited Edition",2 L,"2 / 
$6.00",,$0.15 /100ml,"Regular price
$3.59  ea.","Valid until Jan 10, 2024",,https://www.metro.ca/en/online-grocery/search-page-369
OASIS,"Low Sodium Cocktail Veggie Juice, 10 Vegetables",960 mL,"$2.99
 ea.",,$0.31 /100ml,,,,https://www.metro.ca/en/online-grocery/search-page-369
FRUITÉ,Lemon Iced Tea Beverage,2 L,"2 / 
$6.00",,$0.15 /100ml,"Regular price
$3.59  ea.","Valid until Jan 10, 2024",https://product-images.metro.ca/images/ha6/h7d/12175166668830.jpg,https://www.metro.ca/en/online-grocery/search-page-369
PEACE TEA,"Bluberry Flavouered White Iced Tea, Sno-Berry",12x341 mL,"$4.50
 ea.",,$1.32 /100ml,"Regular price
$8.99  ea.","Valid until Feb 21, 2024",,https://www.metro.ca/en/online-grocery/search-page-369
NESTEA,Raspberry Flavoured Iced Tea,12x341 mL,"$4.50
 ea.",,$1.32 /100ml,"Regular price
$8.99  ea.","Valid until Feb 21, 2024",https://product-images.metro.ca/images/h0b/hb1/10845286826014.jpg,https://www.metro.ca/en/online-grocery/search-page-370
BEN'S ORIGINAL,"Brown Basmati Rice, Bistro Express",240 g,"3 / 
$10.99",,$1.53 /100g,"Regular price
$4.49  ea.","Valid until Jan 24, 2024",,https://www.metro.ca/en/online-grocery/search-page-370
FANTA,Pineapple Flavoured Soft Drinks,12x355 mL,"$6.98
 ea.",,$1.97 /100ml,"Regular price
$7.99  ea.","Valid until Jan 10, 2024",https://product-images.metro.ca/images/ha1/hae/11349167702046.jpg,https://www.metro.ca/en/online-grocery/search-page-370
SIGGI'S,2% Black Cherry Flavoured Skyr Icelandic Style Yogurt,650 g,"$5.99
 ea.",,$0.92 /100g,"Regular price
$7.49  ea.","Valid until Feb 14, 2024",https://product-images.metro.ca/images/h02/h6e/12191960137758.jpg,https://www.metro.ca/en/online-grocery/search-page-370
KIT KAT,"Gooey Salted Caramel Chocolate Bar, Kit Kat",112 g,"$2.49
 ea.",,$2.22 /100g,"Regular price
$3.49  ea.","Valid until Jan 10, 2024",,https://www.metro.ca/en/online-grocery/search-page-370
MAGNUM,Cookie Duet Flavoured Ice Cream Bars,3x85 mL,"$7.99
 ea.",,$3.13 /100ml,,,https://product-images.metro.ca/images/h5d/hcc/11397265981470.jpg,https://www.metro.ca/en/online-grocery/search-page-370
PILLSBURY,"Frozen Pepperoni And Bacon Pizza Snacks, Pops",380 g,"$2.99
 ea.",,$0.79 /100g,"Regular price
$5.49  ea.","Valid until Jan 10, 2024",,https://www.metro.ca/en/online-grocery/search-page-370
PILLSBURY,"Frozen Deluxe Pizza Snacks, Pops",380 g,"$2.99
 ea.",,$0.79 /100g,"Regular price
$5.49  ea.","Valid until Jan 10, 2024",,https://www.metro.ca/en/online-grocery/search-page-370
PILLSBURY,"Frozen Pepperoni Pizza Snacks, Pops",380 g,"$2.99
 ea.",,$0.79 /100g,"Regular price
$5.49  ea.","Valid until Jan 10, 2024",,https://www.metro.ca/en/online-grocery/search-page-370
PILLSBURY,"Frozen 3 Cheeses Pizza Snacks, Pops",380 g,"$2.99
 ea.",,$0.79 /100g,"Regular price
$5.49  ea.","Valid until Jan 10, 2024",,https://www.metro.ca/en/online-grocery/search-page-370
JULIE SNYDER,Extra Virgin Olive Oil,500 mL,"$10.99
 ea.",,$2.20 /100ml,"Regular price
$12.99  ea.","Valid until Feb 7, 2024",https://product-images.metro.ca/images/h58/ha8/10498217082910.jpg,https://www.metro.ca/en/online-grocery/search-page-370
JULIE SNYDER,Natural Peanut Butter,500 g,"$6.99
 ea.",,$1.40 /100g,"Regular price
$7.99  ea.","Valid until Jan 10, 2024",https://product-images.metro.ca/images/h70/hf7/10498217738270.jpg,https://www.metro.ca/en/online-grocery/search-page-370
JULIE SNYDER,Natural Almond Butter,325 g,"$9.99
 ea.",,$3.07 /100g,,,https://product-images.metro.ca/images/h0d/h0d/10498224390174.jpg,https://www.metro.ca/en/online-grocery/search-page-370
HÄAGEN-DAZS,"Berry Explosion Flavoured Ice Cream, Extraaz",414 mL,"$4.99
 ea.",,$1.21 /100ml,"Regular price
$6.69  ea.","Valid until Jan 24, 2024",,https://www.metro.ca/en/online-grocery/search-page-370
HÄAGEN-DAZS,"Triple Chocolate Flavoured Ice Cream, Extraaz",414 mL,"$4.99
 ea.",,$1.21 /100ml,"Regular price
$6.69  ea.","Valid until Jan 24, 2024",,https://www.metro.ca/en/online-grocery/search-page-370
DR. OETKER,"Frozen Four Cheese Thin Crust Pizza, Casa Di Mama",410 g,"$6.99
 ea.",,$1.70 /100g,"Regular price
$7.49  ea.","Valid until Feb 14, 2024",,https://www.metro.ca/en/online-grocery/search-page-370
IRRESISTIBLES,Spicy Dill Pickle Old-Fashioned Chips,150 g,"$2.99
 ea.",,$1.99 /100g,,,https://product-images.metro.ca/images/hd1/he0/11521788936222.jpg,https://www.metro.ca/en/online-grocery/search-page-370
DOM,Frozen Escargot With Garlic Butter,85 g,"$8.99
 ea.",,$10.58 /100g,"Regular price
$9.99  ea.","Valid until Jan 10, 2024",https://product-images.metro.ca/images/h19/h8b/10443242700830.jpg,https://www.metro.ca/en/online-grocery/search-page-370
KÜHNE,Salata Seasoned Vinegar Dressing,750 mL,"$5.49
 ea.",,$0.73 /100ml,"Regular price
$7.29  ea.","Valid until Feb 7, 2024",https://product-images.metro.ca/images/h00/hd2/12230558547998.jpg,https://www.metro.ca/en/online-grocery/search-page-370
PEPPERIDGE FARM,"Sharp Cheddar Flavoured Mega Bites Baked Crackers, G...",167 g,"$3.49
 ea.",,"Buy 2, get the 3rd free $2.09 /100g","Regular price
$4.19  ea.","Valid until Jan 10, 2024",,https://www.metro.ca/en/online-grocery/search-page-370
YOPLAIT,"Peach Flavoured 1% Drinkable Yogurt, Yop",200 mL,"3 / 
$3.33",,$0.56 /100ml,"Regular price
4 / $5.00","Valid until Feb 14, 2024",,https://www.metro.ca/en/online-grocery/search-page-370
YOPLAIT,"Strawberry And Banana Flavoured 1% Drinkable Yogurt,...",200 mL,"3 / 
$3.33",,$0.56 /100ml,"Regular price
4 / $5.00","Valid until Feb 14, 2024",,https://www.metro.ca/en/online-grocery/search-page-370
YOPLAIT,"Blueberry Flavoured 1% Drinkable Yogurt, Yop",200 mL,"3 / 
$3.33",,$0.56 /100ml,"Regular price
4 / $5.00","Valid until Feb 14, 2024",,https://www.metro.ca/en/online-grocery/search-page-370
SELECTION,"Lavender Scented Liquid Dish Soap, Ultra",591 mL,"$1.99
 ea.",,$0.34 /100ml,"Regular price
$2.99  ea.","Valid until Feb 7, 2024",,https://www.metro.ca/en/online-grocery/search-page-370
LIBERTÉ,"Apple Pie Flavoured Yogurt, Méditerranée",500 g,"$5.79
 ea.",,$1.16 /100g,,,,https://www.metro.ca/en/online-grocery/search-page-370
LIBERTÉ,"Raspberry Cheesecake Flavoured Yogurt, Méditerranée",500 g,"$5.79
 ea.",,$1.16 /100g,,,,https://www.metro.ca/en/online-grocery/search-page-370
TWO GOOD,Vanilla Low Sugar Yogurt,4x95 g,"$5.49
 ea.",,$0.92 /100g,,,https://product-images.metro.ca/images/h01/h40/11860768292894.jpg,https://www.metro.ca/en/online-grocery/search-page-370
TWO GOOD,Strawberry Low Sugar Yogurt,4x95 g,"$5.49
 ea.",,$0.92 /100g,,,https://product-images.metro.ca/images/h3a/h91/11735251484702.jpg,https://www.metro.ca/en/online-grocery/search-page-370
GOGO QUINOA,Oats And Quinoa Flavoured Organic Crispy O'S Cereal,285 g,"$6.29
 ea.",,$2.21 /100g,,,https://product-images.metro.ca/images/hf3/hc7/10904275419166.jpg,https://www.metro.ca/en/online-grocery/search-page-370
GOGO QUINOA,Strawberry Flavoured Organic Pops Cereal,260 g,"$6.29
 ea.",,$2.42 /100g,,,https://product-images.metro.ca/images/hf4/h4a/10904305500190.jpg,https://www.metro.ca/en/online-grocery/search-page-370
SELECTION,Original Scent Liquid Dish Soap,828 mL,"$1.99
 ea.",,$0.24 /100ml,"Regular price
$2.99  ea.","Valid until Feb 7, 2024",https://product-images.metro.ca/images/h6c/h7f/11521853915166.jpg,https://www.metro.ca/en/online-grocery/search-page-371
SELECTION,Orange Scented Liquid Dish Soap,828 mL,"$1.99
 ea.",,$0.24 /100ml,"Regular price
$2.99  ea.","Valid until Feb 7, 2024",https://product-images.metro.ca/images/h4a/h7d/11521852571678.jpg,https://www.metro.ca/en/online-grocery/search-page-371
YOPLAIT,"Tropical Fruits Flavoured 1% Drinkable Yogurt, Yop",200 mL,"3 / 
$3.33",,$0.56 /100ml,"Regular price
4 / $5.00","Valid until Feb 14, 2024",,https://www.metro.ca/en/online-grocery/search-page-371
YOPLAIT,"Watermelon Flavoured 1% Drinkable Yogurt, Yop",200 mL,"3 / 
$3.33",,$0.56 /100ml,"Regular price
4 / $5.00","Valid until Feb 14, 2024",,https://www.metro.ca/en/online-grocery/search-page-371
YOPLAIT,"Mango Flavoured 1% Lactose Free Drinkable Yogurt, Yop",200 mL,"3 / 
$3.33",,$0.56 /100ml,"Regular price
4 / $5.00","Valid until Feb 14, 2024",,https://www.metro.ca/en/online-grocery/search-page-371
BEN & FLORENTINE,Seasoned Potatos,650 g,"$5.99
 ea.",,$0.92 /100g,"Regular price
$6.99  ea.","Valid until Feb 14, 2024",https://product-images.metro.ca/images/hb2/h65/12272941662238.jpg,https://www.metro.ca/en/online-grocery/search-page-371
,Risotto Mushrooms Beef Alouette,,"$7.71
 avg. ea.",(350 g avg.),$22.02 /kg$9.99 /lb.,"Regular price
$24.23  avg. kg","Valid until Jan 10, 2024",https://www.metro.ca/images/shared/placeholders/icon-no-picture.svg?v=2023.71.1.d1,https://www.metro.ca/en/online-grocery/search-page-371
,Mushroom Risotto Chicken Alouette,,"$7.71
 avg. ea.",(350 g avg.),$22.02 /kg$9.99 /lb.,"Regular price
$24.23  avg. kg","Valid until Jan 10, 2024",https://www.metro.ca/images/shared/placeholders/icon-no-picture.svg?v=2023.71.1.d1,https://www.metro.ca/en/online-grocery/search-page-371
,Chicken Breast Stuffed With Risotto Mushrooms,,"$7.38
 avg. ea.",(335 g avg.),$22.02 /kg$9.99 /lb.,"Regular price
$24.23  avg. kg","Valid until Jan 10, 2024",https://www.metro.ca/images/shared/placeholders/icon-no-picture.svg?v=2023.71.1.d1,https://www.metro.ca/en/online-grocery/search-page-371
VILLAGGIO,Dinner Rolls,12 un,"$4.99
 ea.",,$0.42 /un.,,,https://product-images.metro.ca/images/hf6/h63/12258525151262.jpg,https://www.metro.ca/en/online-grocery/search-page-371
,Sea Salt And Caramel Mini Cookies,18x16 g,"$4.49
 ea.",,$1.56 /100g,"Regular price
$4.99  ea.","Valid until Jan 10, 2024",https://www.metro.ca/images/shared/placeholders/icon-no-picture.svg?v=2023.71.1.d1,https://www.metro.ca/en/online-grocery/search-page-371
,Oatmeal And Raisin Mini Cookies,18x16 g,"$4.49
 ea.",,$1.56 /100g,"Regular price
$4.99  ea.","Valid until Jan 10, 2024",https://www.metro.ca/images/shared/placeholders/icon-no-picture.svg?v=2023.71.1.d1,https://www.metro.ca/en/online-grocery/search-page-371
,White Chocolate And Macadamia Mini Cookies,18x16 g,"$4.49
 ea.",,$1.56 /100g,"Regular price
$4.99  ea.","Valid until Jan 10, 2024",https://www.metro.ca/images/shared/placeholders/icon-no-picture.svg?v=2023.71.1.d1,https://www.metro.ca/en/online-grocery/search-page-371
,Chocolate Chip Mini Cookies,18x16 g,"$4.49
 ea.",,$1.56 /100g,"Regular price
$4.99  ea.","Valid until Jan 10, 2024",https://www.metro.ca/images/shared/placeholders/icon-no-picture.svg?v=2023.71.1.d1,https://www.metro.ca/en/online-grocery/search-page-371
IRRESISTIBLES,Frozen Shrimp Dim Sum Dumplings,280 g,"$11.99
 ea.",,$4.28 /100g,,,https://product-images.metro.ca/images/hca/h07/12175362457630.jpg,https://www.metro.ca/en/online-grocery/search-page-371
BELOV,Salmon Textured Baby Meal,100 g,"$9.49
 ea.",,$9.49 /100g,"Regular price
$9.99  ea.","Valid until Feb 14, 2024",https://product-images.metro.ca/images/h70/h39/11432894726174.jpg,https://www.metro.ca/en/online-grocery/search-page-371
TACOTIME,Frozen Chicken Taquitos,375 g,"$14.49
 ea.",,$3.86 /100g,,,https://www.metro.ca/images/shared/placeholders/icon-no-picture.svg?v=2023.71.1.d1,https://www.metro.ca/en/online-grocery/search-page-371
TACOTIME,Frozen Chicken Taquitos,360 g,"$14.49
 ea.",,$4.03 /100g,,,https://product-images.metro.ca/images/ha7/h00/12272738762782.jpg,https://www.metro.ca/en/online-grocery/search-page-371
BELOV,Chicken Textured Baby Meal,125 g,"$9.49
 ea.",,$7.59 /100g,"Regular price
$9.99  ea.","Valid until Feb 14, 2024",https://product-images.metro.ca/images/h17/hfd/11432893677598.jpg,https://www.metro.ca/en/online-grocery/search-page-371
PRANA,Organic And Gluten Free Brownie Crunch Granola Cerea...,300 g,"$5.99
 ea.",,$2.00 /100g,,,,https://www.metro.ca/en/online-grocery/search-page-371
PRANA,"Organic Gluten Free Mixed Berry Granola Cereal, Gran...",300 g,"$5.99
 ea.",,$2.00 /100g,,,,https://www.metro.ca/en/online-grocery/search-page-371
LIFE SMART,"Sweet And Salty Popcorn, Naturalia",142 g,"$2.79
 ea.",,$1.96 /100g,"Regular price
$3.29  ea.","Valid until Jan 24, 2024",,https://www.metro.ca/en/online-grocery/search-page-371
IRRESISTIBLES,Mini Carrot Muffins,336 g,"$6.99
 ea.",,$2.08 /100g,"Regular price
$7.49  ea.","Valid until Jan 10, 2024",https://product-images.metro.ca/images/h86/h28/12175378776094.jpg,https://www.metro.ca/en/online-grocery/search-page-371
IRRESISTIBLES,Mini Blueberry Muffins,336 g,"$6.99
 ea.",,$2.08 /100g,"Regular price
$7.49  ea.","Valid until Jan 10, 2024",https://product-images.metro.ca/images/h42/ha9/12175379333150.jpg,https://www.metro.ca/en/online-grocery/search-page-371
IRRESISTIBLES,Mini Apple Oatmeal Muffins,336 g,"$6.99
 ea.",,$2.08 /100g,"Regular price
$7.49  ea.","Valid until Jan 10, 2024",https://product-images.metro.ca/images/hd5/hd6/11133725179934.jpg,https://www.metro.ca/en/online-grocery/search-page-371
MÉCHANT LOUP,Braised Beef Cheek,370 g,"$19.99
 ea.",,$5.40 /100g,"Regular price
$22.99  ea.","Valid until Jan 17, 2024",https://product-images.metro.ca/images/hca/hd7/11432885256222.jpg,https://www.metro.ca/en/online-grocery/search-page-371
BELOV,Organic Blueberry And Coconut Textured Baby Oatmeal Mix,180 g,"$6.99
 ea.",,$3.88 /100g,,,https://product-images.metro.ca/images/h13/h73/11132297674782.jpg,https://www.metro.ca/en/online-grocery/search-page-371
BELOV,Organic Carrot And Spices Textured Baby Oatmeal Mix,180 g,"$6.99
 ea.",,$3.88 /100g,,,https://product-images.metro.ca/images/hcf/h6e/11132295643166.jpg,https://www.metro.ca/en/online-grocery/search-page-371
BELOV,Organic Original Textured Baby Oatmeal Mix,180 g,"$6.99
 ea.",,$3.88 /100g,,,https://product-images.metro.ca/images/h68/h01/11132284829726.jpg,https://www.metro.ca/en/online-grocery/search-page-371
BELOV,Organic Apple Cinnamon Textured Baby Oatmeal Mix,180 g,"$6.99
 ea.",,$3.88 /100g,,,https://product-images.metro.ca/images/h60/he5/11132245311518.jpg,https://www.metro.ca/en/online-grocery/search-page-371
MÉCHANT LOUP,Porc Cheek Braised,370 g,"$15.99
 ea.",,$4.32 /100g,"Regular price
$17.99  ea.","Valid until Jan 17, 2024",https://product-images.metro.ca/images/h5e/h5d/11449721716766.jpg,https://www.metro.ca/en/online-grocery/search-page-372
SELECTION,"Cheddar And Jalapeño Flavoured Snacks, Crunchie",265 g,"$3.99
 ea.",,$1.51 /100g,,,,https://www.metro.ca/en/online-grocery/search-page-372
PEPSI,"Cream Soda Soft Drinks, Crush",12x355 mL,"$6.98
 ea.",,$1.97 /100ml,"Regular price
$7.99  ea.","Valid until Jan 10, 2024",,https://www.metro.ca/en/online-grocery/search-page-372
LYSOL,Laundry Sanitizer,1.2 L,"$7.99
 ea.",,$0.67 /100ml,"Regular price
$9.99  ea.","Valid until Feb 7, 2024",https://product-images.metro.ca/images/hc2/h91/11226603454494.jpg,https://www.metro.ca/en/online-grocery/search-page-372
LIFE SMART,"Frozen Pork Tourtiere, Naturalia",600 g,"$9.00
 ea.",,$1.50 /100g,"Regular price
$9.99  ea.","Valid until Jan 17, 2024",,https://www.metro.ca/en/online-grocery/search-page-372
TOSTITOS,Holiday Tree Tortilla Chips,300 g,"2 / 
$8.50",,or $4.99 ea. $1.42 /100g,,"Valid until Jan 24, 2024",https://product-images.metro.ca/images/h3b/h50/12175342501918.jpg,https://www.metro.ca/en/online-grocery/search-page-372
MADEGOOD,Blueberry Soft Baked Oat Bars,5x30 g,"$3.99
 ea.",,$2.66 /100g,"Regular price
$4.99  ea.","Valid until Feb 7, 2024",https://product-images.metro.ca/images/hd9/hbc/11849542238238.jpg,https://www.metro.ca/en/online-grocery/search-page-372
MADEGOOD,"Chocolate Chip Soft Baked Oat Bars, Mornings",5x30 g,"$3.99
 ea.",,$2.66 /100g,"Regular price
$4.99  ea.","Valid until Feb 7, 2024",,https://www.metro.ca/en/online-grocery/search-page-372
CAFÉ WILLIAM,Organic Decaffeinated Coffee Capsules,12 un,"$12.49
 ea.",,$8.67 /100g,,,https://product-images.metro.ca/images/hb3/h81/11742472896542.jpg,https://www.metro.ca/en/online-grocery/search-page-372
PREMIÈRE MOISSON,Country Style Pâté,125 g,"$5.99
 ea.",,$4.79 /100g,,,https://product-images.metro.ca/images/h79/hed/12175631777822.jpg,https://www.metro.ca/en/online-grocery/search-page-372
GLADE,Clean Linen Scented Oil Refills,2 un,"$8.49
 ea.",,$4.25 /un.,,,https://product-images.metro.ca/images/hf1/h30/12230621888542.jpg,https://www.metro.ca/en/online-grocery/search-page-372
PREMIÈRE MOISSON,Garlic Country-Style Pâté,125 g,"$5.99
 ea.",,$4.79 /100g,,,https://product-images.metro.ca/images/h64/hbe/11449741344798.jpg,https://www.metro.ca/en/online-grocery/search-page-372
DUNCAN HINES,"Cookies And Cream Flavoured Cookie Mix, Epic",625 g,"$9.49
 ea.",,$1.52 /100g,,,,https://www.metro.ca/en/online-grocery/search-page-372
PREMIÈRE MOISSON,Black Pepper Country Style Pâté,125 g,"$5.99
 ea.",,$4.79 /100g,,,https://product-images.metro.ca/images/h0a/h5e/12175630565406.jpg,https://www.metro.ca/en/online-grocery/search-page-372
PREMIÈRE MOISSON,Porto Poultry Liver Mousse,125 g,"$5.99
 ea.",,$4.79 /100g,,,https://product-images.metro.ca/images/hb8/haf/12175632203806.jpg,https://www.metro.ca/en/online-grocery/search-page-372
PREMIÈRE MOISSON,Liver Pâté,125 g,"$5.99
 ea.",,$4.79 /100g,,,https://product-images.metro.ca/images/h6d/h49/12175635513374.jpg,https://www.metro.ca/en/online-grocery/search-page-372
IRRESISTIBLES,Mini Chocolate Chip Muffins,336 g,"$6.99
 ea.",,$2.08 /100g,"Regular price
$7.49  ea.","Valid until Jan 10, 2024",https://product-images.metro.ca/images/hee/hc2/12175377498142.jpg,https://www.metro.ca/en/online-grocery/search-page-372
SELECTION,Maple Flavoured Creme Cookies,325 g,"$2.99
 ea.",,$0.92 /100g,,,https://product-images.metro.ca/images/hd9/h37/11133764960286.jpg,https://www.metro.ca/en/online-grocery/search-page-372
SELECTION,Brownie Cookies,270 g,"$2.99
 ea.",,$1.11 /100g,,,https://product-images.metro.ca/images/h10/heb/11162202374174.jpg,https://www.metro.ca/en/online-grocery/search-page-372
SELECTION,Chocolate Chip Cookies,270 g,"$2.99
 ea.",,$1.11 /100g,,,https://product-images.metro.ca/images/ha2/h63/12175416983582.jpg,https://www.metro.ca/en/online-grocery/search-page-372
SELECTION,Chocolate Chunks Cookies,270 g,"$2.99
 ea.",,$1.11 /100g,,,https://product-images.metro.ca/images/h7f/ha4/12175394734110.jpg,https://www.metro.ca/en/online-grocery/search-page-372
SELECTION,Vanilla And Chocolate Cookies,270 g,"$2.99
 ea.",,$1.11 /100g,,,https://product-images.metro.ca/images/hbf/ha5/11405680869406.jpg,https://www.metro.ca/en/online-grocery/search-page-372
HÄAGEN-DAZS,Vanilla Flavoured Ice Cream,450 mL,"$4.99
 ea.",,$1.11 /100ml,"Regular price
$6.69  ea.","Valid until Jan 24, 2024",https://product-images.metro.ca/images/h21/haf/11412702396446.jpg,https://www.metro.ca/en/online-grocery/search-page-372
HÄAGEN-DAZS,Chocolate And Peanut Butter Flavoured Ice Cream,450 mL,"$4.99
 ea.",,$1.11 /100ml,"Regular price
$6.69  ea.","Valid until Jan 24, 2024",https://product-images.metro.ca/images/ha1/h47/12175482224670.jpg,https://www.metro.ca/en/online-grocery/search-page-372
HÄAGEN-DAZS,Caramel Cone Explosion Flavoured Ice Cream,450 mL,"$4.99
 ea.",,$1.11 /100ml,"Regular price
$6.69  ea.","Valid until Jan 24, 2024",https://product-images.metro.ca/images/h96/hd0/12175485829150.jpg,https://www.metro.ca/en/online-grocery/search-page-372
HÄAGEN-DAZS,Chocolate And Hazelnut Flavoured Ice Cream,450 mL,"$4.99
 ea.",,$1.11 /100ml,"Regular price
$6.69  ea.","Valid until Jan 24, 2024",https://product-images.metro.ca/images/h3e/h7f/12175496773662.jpg,https://www.metro.ca/en/online-grocery/search-page-372
HÄAGEN-DAZS,Matcha Green Tea Flavoured Ice Cream,450 mL,"$4.99
 ea.",,$1.11 /100ml,"Regular price
$6.69  ea.","Valid until Jan 24, 2024",https://product-images.metro.ca/images/hdf/hf2/12175476424734.jpg,https://www.metro.ca/en/online-grocery/search-page-372
HÄAGEN-DAZS,Rocky Road Flavoured Ice Cream,450 mL,"$4.99
 ea.",,$1.11 /100ml,"Regular price
$6.69  ea.","Valid until Jan 24, 2024",https://product-images.metro.ca/images/hc7/he3/12175487598622.jpg,https://www.metro.ca/en/online-grocery/search-page-372
HÄAGEN-DAZS,Vanilla Swiss Almonds Flavoured Ice Cream,450 mL,"$4.99
 ea.",,$1.11 /100ml,"Regular price
$6.69  ea.","Valid until Jan 24, 2024",https://product-images.metro.ca/images/h1c/h2b/12175495790622.jpg,https://www.metro.ca/en/online-grocery/search-page-372
NESTLÉ,Chocolate And Honey Flavoured Ice Cream With Toblero...,450 mL,"$4.99
 ea.",,$1.11 /100ml,"Regular price
$6.69  ea.","Valid until Jan 24, 2024",,https://www.metro.ca/en/online-grocery/search-page-372
HÄAGEN-DAZS,Coffee Flavoured Ice Cream,450 mL,"$4.99
 ea.",,$1.11 /100ml,"Regular price
$6.69  ea.","Valid until Jan 24, 2024",https://product-images.metro.ca/images/h21/h30/11307260641310.jpg,https://www.metro.ca/en/online-grocery/search-page-373
HÄAGEN-DAZS,Chocolate Flavoured Ice Cream,450 mL,"$4.99
 ea.",,$1.11 /100ml,"Regular price
$6.69  ea.","Valid until Jan 24, 2024",https://product-images.metro.ca/images/hf9/h0f/12175480848414.jpg,https://www.metro.ca/en/online-grocery/search-page-373
HÄAGEN-DAZS,Dulce De Leche Flavoured Ice Cream,450 mL,"$4.99
 ea.",,$1.11 /100ml,"Regular price
$6.69  ea.","Valid until Jan 24, 2024",https://product-images.metro.ca/images/h73/h4f/11522008645662.jpg,https://www.metro.ca/en/online-grocery/search-page-373
HÄAGEN-DAZS,Cookie Dough Dynamo Flavoured Ice Cream,450 mL,"$4.99
 ea.",,$1.11 /100ml,"Regular price
$6.69  ea.","Valid until Jan 24, 2024",https://product-images.metro.ca/images/h69/hbd/12175493431326.jpg,https://www.metro.ca/en/online-grocery/search-page-373
HÄAGEN-DAZS,Salted Caramel Flavoured Ice Cream,450 mL,"$4.99
 ea.",,$1.11 /100ml,"Regular price
$6.69  ea.","Valid until Jan 24, 2024",https://product-images.metro.ca/images/h1c/h82/11522007236638.jpg,https://www.metro.ca/en/online-grocery/search-page-373
HÄAGEN-DAZS,Espresso And Chocolate Cookies Flavoured Ice Cream,450 mL,"$4.99
 ea.",,$1.11 /100ml,"Regular price
$6.69  ea.","Valid until Jan 24, 2024",https://product-images.metro.ca/images/ha5/h4b/11274401218590.jpg,https://www.metro.ca/en/online-grocery/search-page-373
HÄAGEN-DAZS,Chocolate Flavoured Ice Cream With Chocolate Chunks,450 mL,"$4.99
 ea.",,$1.11 /100ml,"Regular price
$6.69  ea.","Valid until Jan 24, 2024",https://product-images.metro.ca/images/h28/he8/12175488221214.jpg,https://www.metro.ca/en/online-grocery/search-page-373
HÄAGEN-DAZS,Vanilla Bean Flavoured Ice Cream,450 mL,"$4.99
 ea.",,$1.11 /100ml,"Regular price
$6.69  ea.","Valid until Jan 24, 2024",https://product-images.metro.ca/images/h3d/hd1/12175451258910.jpg,https://www.metro.ca/en/online-grocery/search-page-373
HÄAGEN-DAZS,Raspberry And Mango Flavoured Ice Cream,450 mL,"$4.99
 ea.",,$1.11 /100ml,"Regular price
$6.69  ea.","Valid until Jan 24, 2024",https://product-images.metro.ca/images/hf7/h43/12175489630238.jpg,https://www.metro.ca/en/online-grocery/search-page-373
HÄAGEN-DAZS,Pineapple And Coconut Flavoured Ice Cream,450 mL,"$4.99
 ea.",,$1.11 /100ml,"Regular price
$6.69  ea.","Valid until Jan 24, 2024",https://product-images.metro.ca/images/h34/h19/12175478652958.jpg,https://www.metro.ca/en/online-grocery/search-page-373
HÄAGEN-DAZS,Brownies And Cookie Dough Flavoured Ice Cream,450 mL,"$4.99
 ea.",,$1.11 /100ml,"Regular price
$6.69  ea.","Valid until Jan 24, 2024",https://product-images.metro.ca/images/h00/h38/11522011824158.jpg,https://www.metro.ca/en/online-grocery/search-page-373
HÄAGEN-DAZS,Strawberry Flavoured Ice Cream,450 mL,"$4.99
 ea.",,$1.11 /100ml,"Regular price
$6.69  ea.","Valid until Jan 24, 2024",https://product-images.metro.ca/images/h65/h86/11272811642910.jpg,https://www.metro.ca/en/online-grocery/search-page-373
HÄAGEN-DAZS,Raspberry And Chocolate Flavoured Ice Cream,450 mL,"$4.99
 ea.",,$1.11 /100ml,"Regular price
$6.69  ea.","Valid until Jan 24, 2024",https://product-images.metro.ca/images/h3e/h7e/12175479767070.jpg,https://www.metro.ca/en/online-grocery/search-page-373
HÄAGEN-DAZS,Pralines And Cream Flavoured Ice Cream,450 mL,"$4.99
 ea.",,$1.11 /100ml,"Regular price
$6.69  ea.","Valid until Jan 24, 2024",https://product-images.metro.ca/images/h51/h80/12175487434782.jpg,https://www.metro.ca/en/online-grocery/search-page-373
HÄAGEN-DAZS,Strawberry Cheesecake Flavoured Ice Cream,450 mL,"$4.99
 ea.",,$1.11 /100ml,"Regular price
$6.69  ea.","Valid until Jan 24, 2024",https://product-images.metro.ca/images/h45/h93/12175474360350.jpg,https://www.metro.ca/en/online-grocery/search-page-373
HÄAGEN-DAZS,Cookies And Cream Flavoured Ice Cream,450 mL,"$4.99
 ea.",,$1.11 /100ml,"Regular price
$6.69  ea.","Valid until Jan 24, 2024",https://product-images.metro.ca/images/h8e/h36/12175485468702.jpg,https://www.metro.ca/en/online-grocery/search-page-373
HÄAGEN-DAZS,Salted Caramel And Brownie Flavoured Ice Cream,450 mL,"$4.99
 ea.",,$1.11 /100ml,"Regular price
$6.69  ea.","Valid until Jan 24, 2024",https://product-images.metro.ca/images/h8e/hb6/11522012381214.jpg,https://www.metro.ca/en/online-grocery/search-page-373
IRRESISTIBLES,Double Chocolate And Raspberry Mini Muffins,336 g,"$6.99
 ea.",,$2.08 /100g,"Regular price
$7.49  ea.","Valid until Jan 10, 2024",https://product-images.metro.ca/images/had/h09/11133733109790.jpg,https://www.metro.ca/en/online-grocery/search-page-373
IRRESISTIBLES,Mini Banana And Chocolate Chip Muffins,336 g,"$6.99
 ea.",,$2.08 /100g,"Regular price
$7.49  ea.","Valid until Jan 10, 2024",https://product-images.metro.ca/images/h30/h5d/12175378677790.jpg,https://www.metro.ca/en/online-grocery/search-page-373
SELECTION,Oatmeal And Chocolate Chip Cookies,270 g,"$2.99
 ea.",,$1.11 /100g,,,https://product-images.metro.ca/images/h84/hb5/12175387033630.jpg,https://www.metro.ca/en/online-grocery/search-page-373
SELECTION,Chocolate Fudge Cookies,270 g,"$2.99
 ea.",,$1.11 /100g,,,https://product-images.metro.ca/images/hda/h40/11405679624222.jpg,https://www.metro.ca/en/online-grocery/search-page-373
FINISH,"Quantum Dishwasher Rinse Agent, JetDry",946 mL,"$15.99
 ea.",,$1.69 /100ml,,,,https://www.metro.ca/en/online-grocery/search-page-373
O SOLE MIO,Frozen Meat Lasagna,907 g,"$16.99
 ea.",,$1.87 /100g,,,https://product-images.metro.ca/images/hdf/h86/11157846753310.jpg,https://www.metro.ca/en/online-grocery/search-page-373
OIKOS,0% Strawberry Flavoured Greek Yogurt,750 g,"$7.99
 ea.",,$1.07 /100g,,,https://product-images.metro.ca/images/h85/h16/10087454998558.jpg,https://www.metro.ca/en/online-grocery/search-page-373
KICKING HORSE,Organic Smart Ass Medium Coffee Beans,1 kg,"$37.99
 ea.",,$3.80 /100g,,,https://product-images.metro.ca/images/hb1/h2b/12210222530590.jpg,https://www.metro.ca/en/online-grocery/search-page-373
CHIPS AHOY!,Mini Chocolate Chips Cookie Cereals,340 g,"$5.79
 ea.",,$1.70 /100g,,,https://product-images.metro.ca/images/h50/hd1/11198167711774.jpg,https://www.metro.ca/en/online-grocery/search-page-373
ATTITUDE,Lavander And Thyme Scented Disinfecting Kitchen Cleaner,800 mL,"$6.29
 ea.",,$0.79 /100ml,,,https://product-images.metro.ca/images/h6f/h65/10081910521886.jpg,https://www.metro.ca/en/online-grocery/search-page-373
KELLOGG'S,"Whole Blueberry Cereals, Special K",317 g,"$4.49
 ea.",,$1.42 /100g,"Regular price
$7.29  ea.","Valid until Jan 10, 2024",,https://www.metro.ca/en/online-grocery/search-page-373
MUNCHIES,Classic Snack Mix,250 g,"2 / 
$7.50",,$1.50 /100g,"Regular price
$4.99  ea.","Valid until Jan 10, 2024",https://product-images.metro.ca/images/hce/h33/11685170675742.jpg,https://www.metro.ca/en/online-grocery/search-page-373
SUNCHIPS,Garden Salsa Flavoured Multigrain Chips,205 g,"$4.99
 ea.",,$2.43 /100g,,,https://product-images.metro.ca/images/hc3/h0e/10509799587870.jpg,https://www.metro.ca/en/online-grocery/search-page-373
MUNCHIES,"BBQ Flavoured Snack Mix Variety Pack, Munchies",250 g,"2 / 
$7.50",,$1.50 /100g,"Regular price
$4.99  ea.","Valid until Jan 10, 2024",,https://www.metro.ca/en/online-grocery/search-page-374
LAY'S,Sweet Chili Heat Flavoured Chips,220 g,"2 / 
$7.50",,$1.70 /100g,"Regular price
$4.49  ea.","Valid until Jan 10, 2024",https://product-images.metro.ca/images/hf4/h4f/12354472378398.jpg,https://www.metro.ca/en/online-grocery/search-page-374
LAY'S,White Cheddar Flavoured Chips,220 g,"2 / 
$7.50",,$1.70 /100g,"Regular price
$4.49  ea.","Valid until Jan 10, 2024",https://product-images.metro.ca/images/h09/h56/11525545787422.jpg,https://www.metro.ca/en/online-grocery/search-page-374
LIFE SMART,"Frozen Mixed Berries, Organic",300 g,"3 / 
$12.99",,or $5.99 ea. $1.44 /100g,,"Valid until Feb 14, 2024",,https://www.metro.ca/en/online-grocery/search-page-374
LIFE SMART,"Frozen Pineapple Chunks, Organic",300 g,"3 / 
$12.99",,or $5.99 ea. $1.44 /100g,,"Valid until Feb 14, 2024",,https://www.metro.ca/en/online-grocery/search-page-374
LIFE SMART,"Frozen Sliced Strawberries, Organic",300 g,"3 / 
$12.99",,or $5.99 ea. $1.44 /100g,,"Valid until Feb 14, 2024",,https://www.metro.ca/en/online-grocery/search-page-374
LIFE SMART,"Frozen Pitted Dark Sweet Cherries, Organic",300 g,"3 / 
$12.99",,or $5.99 ea. $1.44 /100g,,"Valid until Feb 14, 2024",,https://www.metro.ca/en/online-grocery/search-page-374
PEPSI,"Zero Sugar Ginger Ale, Schweppes",12x355 mL,"$6.98
 ea.",,$0.16 /100ml,"Regular price
$7.99  ea.","Valid until Jan 10, 2024",,https://www.metro.ca/en/online-grocery/search-page-374
ATTITUDE,Lavander And Thyme Scented All-Purpose Cleaner,800 mL,"$6.29
 ea.",,$0.79 /100ml,,,https://product-images.metro.ca/images/hbf/hf2/10269128458270.jpg,https://www.metro.ca/en/online-grocery/search-page-374
FLOURISH,Buttermilk Flavoured Protein Pancake And Waffle Mix,430 g,"$12.99
 ea.",,$3.02 /100g,,,https://product-images.metro.ca/images/h1d/hf5/9859680010270.jpg,https://www.metro.ca/en/online-grocery/search-page-374
SIGGI'S,3.6% Creamy Plain Yogurt,750 g,"$5.99
 ea.",,$0.80 /100g,"Regular price
$7.49  ea.","Valid until Feb 14, 2024",https://product-images.metro.ca/images/h51/h1a/9877739929630.jpg,https://www.metro.ca/en/online-grocery/search-page-374
CADBURY,"Milk Chocolate Bar, Dairy Milk",200 g,"$6.29
 ea.",,$3.15 /100g,,,,https://www.metro.ca/en/online-grocery/search-page-374
BUBLY,Peach Flavoured Sparkling Water,12x355 mL,"2 / 
$11.48",,or $6.49 ea. $0.13 /100ml,,"Valid until Feb 7, 2024",https://product-images.metro.ca/images/hb6/h08/10135977426974.jpg,https://www.metro.ca/en/online-grocery/search-page-374
ARCTIC GARDENS,Frozen Small Peas,700 g,"$1.99
 ea.",,$0.28 /100g,"Regular price
$5.49  ea.","Valid until Jan 10, 2024",https://product-images.metro.ca/images/hc4/hf3/11477987000350.jpg,https://www.metro.ca/en/online-grocery/search-page-374
RUFFLES,"Ketchup Flavoured Chips, Double Crunch",200 g,"2 / 
$8.50",,or $4.99 ea. $2.36 /100g,,"Valid until Jan 24, 2024",,https://www.metro.ca/en/online-grocery/search-page-374
CRISPERS,Dill Pickle Flavoured Crackers,145 g,"2 / 
$6.00",,$2.07 /100g,"Regular price
$3.69  ea.","Valid until Jan 24, 2024",https://product-images.metro.ca/images/h53/hfd/12084001013790.jpg,https://www.metro.ca/en/online-grocery/search-page-374
CRISPERS,All Dressed Crackers,145 g,"2 / 
$6.00",,$2.07 /100g,"Regular price
$3.69  ea.","Valid until Jan 24, 2024",https://product-images.metro.ca/images/h40/hed/12083998785566.jpg,https://www.metro.ca/en/online-grocery/search-page-374
PEEK FREANS,"Social Tea Cookies, Peek Freans",525 g,"$4.49
 ea.",,$0.86 /100g,"Regular price
$6.99  ea.","Valid until Jan 10, 2024",,https://www.metro.ca/en/online-grocery/search-page-374
IRRESISTIBLES,Brioche Hot Dog Buns,385 g,"$5.79
 ea.",,$1.50 /100g,"Regular price
$6.29  ea.","Valid until Jan 10, 2024",https://product-images.metro.ca/images/h7d/h35/9870848819230.jpg,https://www.metro.ca/en/online-grocery/search-page-374
SUMMER FRESH,Queso Dip,227 g,"$4.79
 ea.",,$2.11 /100g,,,https://product-images.metro.ca/images/h98/h6f/10715507359774.jpg,https://www.metro.ca/en/online-grocery/search-page-374
TOSTITOS,"Tortilla Chips, Value Pack, Restaurant Style",455 g,"$5.99
 ea.",,$1.32 /100g,,,,https://www.metro.ca/en/online-grocery/search-page-374
TOSTITOS,"Tortilla Chips, Value Pack, Scoops",320 g,"$5.99
 ea.",,$1.87 /100g,,,,https://www.metro.ca/en/online-grocery/search-page-374
LIFE SMART,Smooth Peanut Butter,500 g,"$3.49
 ea.",,$0.70 /100g,"Regular price
$4.49  ea.","Valid until Feb 7, 2024",https://product-images.metro.ca/images/h36/hf3/9836888883230.jpg,https://www.metro.ca/en/online-grocery/search-page-374
CHEETOS,"Crunchy Puffs Snacks, Cheese",285 g,"2 / 
$8.50",,or $4.99 ea. $1.49 /100g,,"Valid until Jan 24, 2024",,https://www.metro.ca/en/online-grocery/search-page-374
CHEETOS,"Crunchy Cheesy Puffs Snacks, Flamin' Hot",285 g,"2 / 
$8.50",,or $4.99 ea. $1.49 /100g,,"Valid until Jan 24, 2024",,https://www.metro.ca/en/online-grocery/search-page-374
CHEETOS,"Crunchy Puffs Snacks Value Pack, Cheese",390 g,"$5.99
 ea.",,$1.54 /100g,,,,https://www.metro.ca/en/online-grocery/search-page-374
CHEETOS,"Puffs Snacks Value Pack, Cheese",390 g,"$5.99
 ea.",,$1.54 /100g,,,,https://www.metro.ca/en/online-grocery/search-page-374
CHEETOS,"Crunchy Puffs Snacks, Cheddar Jalapeño",285 g,"2 / 
$8.50",,or $4.99 ea. $1.49 /100g,,"Valid until Jan 24, 2024",,https://www.metro.ca/en/online-grocery/search-page-374
CHEETOS,"Puffs Snacks, Cheese",260 g,"2 / 
$8.50",,or $4.99 ea. $1.63 /100g,,"Valid until Jan 24, 2024",,https://www.metro.ca/en/online-grocery/search-page-374
DORITOS,"Cheese Flavoured Tortilla Chips, Value Pack, Nacho",370 g,"$5.99
 ea.",,$1.62 /100g,,,,https://www.metro.ca/en/online-grocery/search-page-374
TOSTITOS,Round Multigrain Tortilla Chips,430 g,"$5.99
 ea.",,$1.39 /100g,,,https://product-images.metro.ca/images/he3/h69/12279515578398.jpg,https://www.metro.ca/en/online-grocery/search-page-375
CHIPS AHOY!,Mini Chocolate Chip Cookies,225 g,"$3.99
 ea.",,$1.77 /100g,,,https://product-images.metro.ca/images/he9/hba/9868983238686.jpg,https://www.metro.ca/en/online-grocery/search-page-375
OREO,"Vanilla Flavoured Mini Sandwich Cookies, Golden",225 g,"$3.99
 ea.",,$1.77 /100g,,,,https://www.metro.ca/en/online-grocery/search-page-375
OREO,Chocolate And Peanut Butter Pie Sandwich Cookies,482 g,"$4.49
 ea.",,$0.93 /100g,"Regular price
$5.99  ea.","Valid until Jan 10, 2024",https://product-images.metro.ca/images/h7b/h52/11068875014174.jpg,https://www.metro.ca/en/online-grocery/search-page-375
CHIPS AHOY!,"Caramilk Chocolate Chip Cookies, Chewy",453 g,"$4.49
 ea.",,$0.99 /100g,"Regular price
$5.99  ea.","Valid until Jan 10, 2024",,https://www.metro.ca/en/online-grocery/search-page-375
CHIPS AHOY!,Cadbury Mini Eggs And Chocolate Chip Cookies,460 g,"$4.49
 ea.",,$0.98 /100g,"Regular price
$5.99  ea.","Valid until Jan 10, 2024",https://product-images.metro.ca/images/he9/hf4/10389209055262.jpg,https://www.metro.ca/en/online-grocery/search-page-375
KELLOGG'S,"Maple Crunch Cereals, Vector",306 g,"$4.49
 ea.",,$1.47 /100g,"Regular price
$7.29  ea.","Valid until Jan 10, 2024",,https://www.metro.ca/en/online-grocery/search-page-375
WHEAT THINS,"Vegetable Wheat Crackers, Vegetable Thins Value Pack",350 g,"$6.49
 ea.",,$1.85 /100g,,,,https://www.metro.ca/en/online-grocery/search-page-375
WHEAT THINS,"Original Flavour Wheat Crackers, Value Pack",350 g,"$6.49
 ea.",,$1.85 /100g,,,,https://www.metro.ca/en/online-grocery/search-page-375
EVIVE,Frozen Saphir Smoothie Cubes,405 g,"$9.49
 ea.",,$2.34 /100g,"Regular price
$10.99  ea.","Valid until Feb 14, 2024",https://product-images.metro.ca/images/h0d/h33/12122260275230.jpg,https://www.metro.ca/en/online-grocery/search-page-375
CASCADES,"Strong 2-Ply Bathroom Tissue, Fluff",12x242 un,"$9.99
 ea.",,$0.83 /un.,"Regular price
$11.49  ea.","Valid until Feb 7, 2024",,https://www.metro.ca/en/online-grocery/search-page-375
PEEK FREANS,"Peanut Butter Cookies, Pirate",300 g,"$3.79
 ea.",,$1.26 /100g,"Regular price
$4.99  ea.","Valid until Jan 24, 2024",,https://www.metro.ca/en/online-grocery/search-page-375
QUAKER,Oat Flour,700 g,"$4.49
 ea.",,$0.64 /100g,"Regular price
$5.99  ea.","Valid until Jan 10, 2024",https://product-images.metro.ca/images/h43/h92/10509767245854.jpg,https://www.metro.ca/en/online-grocery/search-page-375
NESCAFÉ,"Intenso Espresso K-Cup® Coffee Capsules, Gold",30 un,"$21.49
 ea.",,$0.01 /100g,,,,https://www.metro.ca/en/online-grocery/search-page-375
NESCAFÉ,"Original Espresso K-Cup® Coffee Capsules, Gold",30 un,"$21.49
 ea.",,$0.01 /100g,,,,https://www.metro.ca/en/online-grocery/search-page-375
NESCAFÉ,"Dark Roast K-Cup® Coffee Capsules, Gold",30 un,"$21.49
 ea.",,$0.03 /100g,,,,https://www.metro.ca/en/online-grocery/search-page-375
DORITOS,"Cheese Flavoured Tortilla Chips, Cool Ranch",235 g,"2 / 
$8.50",,or $4.99 ea. $1.81 /100g,,"Valid until Jan 24, 2024",,https://www.metro.ca/en/online-grocery/search-page-375
DORITOS,"Cheese Flavoured Tortilla Chips, Zesty Cheese",235 g,"2 / 
$8.50",,or $4.99 ea. $1.81 /100g,,"Valid until Jan 24, 2024",,https://www.metro.ca/en/online-grocery/search-page-375
DORITOS,"Cheese Flavoured Tortilla Chips, Sweet Chili Heat!",235 g,"2 / 
$8.50",,or $4.99 ea. $1.81 /100g,,"Valid until Jan 24, 2024",,https://www.metro.ca/en/online-grocery/search-page-375
DORITOS,"Cheese Flavoured Tortilla Chips, Nacho",235 g,"2 / 
$8.50",,or $4.99 ea. $1.81 /100g,,"Valid until Jan 24, 2024",,https://www.metro.ca/en/online-grocery/search-page-375
DORITOS,"Cheese Flavoured Tortilla Chips, Bold BBQ",235 g,"2 / 
$8.50",,or $4.99 ea. $1.81 /100g,,"Valid until Jan 24, 2024",,https://www.metro.ca/en/online-grocery/search-page-375
DORITOS,"Cheese Flavoured Tortilla Chips, Flamin' Hot",210 g,"2 / 
$8.50",,or $4.99 ea. $2.02 /100g,,"Valid until Jan 24, 2024",,https://www.metro.ca/en/online-grocery/search-page-375
FLOURISH,Vanilla Flavoured Protein Pancake And Waffle Mix,430 g,"$12.99
 ea.",,$3.02 /100g,,,https://product-images.metro.ca/images/h95/h92/9848901206046.jpg,https://www.metro.ca/en/online-grocery/search-page-375
DORITOS,"Cheese Flavoured Tortilla Chips, Spicy Nacho",235 g,"2 / 
$8.50",,or $4.99 ea. $1.81 /100g,,"Valid until Jan 24, 2024",,https://www.metro.ca/en/online-grocery/search-page-375
RUSTICA,Deluxe Stuffed Crust Frozen Pizza,735 g,"$8.99
 ea.",,$1.22 /100g,"Regular price
$10.99  ea.","Valid until Feb 14, 2024",https://product-images.metro.ca/images/hc3/h70/11849555836958.jpg,https://www.metro.ca/en/online-grocery/search-page-375
RUSTICA,Pepperoni Stuffed Crust Frozen Pizza,665 g,"$8.99
 ea.",,$1.35 /100g,"Regular price
$10.99  ea.","Valid until Feb 14, 2024",https://product-images.metro.ca/images/h2b/h0b/12192400441374.jpg,https://www.metro.ca/en/online-grocery/search-page-375
RUSTICA,Frozen Four Cheese Rising Crust Pizza,668 g,"$8.99
 ea.",,$1.35 /100g,"Regular price
$10.99  ea.","Valid until Feb 14, 2024",https://product-images.metro.ca/images/h62/h8f/11849844654110.jpg,https://www.metro.ca/en/online-grocery/search-page-375
RUSTICA,Frozen Pepperoni Rising Crust Pizza,784 g,"$8.99
 ea.",,$1.15 /100g,"Regular price
$10.99  ea.","Valid until Feb 14, 2024",https://product-images.metro.ca/images/he9/hdb/12192375963678.jpg,https://www.metro.ca/en/online-grocery/search-page-375
RUSTICA,Frozen Spicy Chicken Rising Crust Pizza,834 g,"$8.99
 ea.",,$1.08 /100g,"Regular price
$10.99  ea.","Valid until Feb 14, 2024",https://product-images.metro.ca/images/h7c/h8f/11849662627870.jpg,https://www.metro.ca/en/online-grocery/search-page-375
CRAVE,Scrambled Egg Kit,57 g,"2 / 
$6.00",,$5.26 /100g,"Regular price
$3.49  ea.","Valid until Feb 14, 2024",https://product-images.metro.ca/images/hc3/h2a/11754436952094.jpg,https://www.metro.ca/en/online-grocery/search-page-375
CRAVE,Veggie Scrambled Egg Kit,79 g,"2 / 
$6.00",,$3.53 /100g,"Regular price
$3.49  ea.","Valid until Feb 14, 2024",https://product-images.metro.ca/images/haf/hd5/11754437279774.jpg,https://www.metro.ca/en/online-grocery/search-page-376
RUSTICA,Frozen 3 Meat Stuffed Crust Pizza,702 g,"$8.99
 ea.",,$1.28 /100g,"Regular price
$10.99  ea.","Valid until Feb 14, 2024",https://product-images.metro.ca/images/h2b/h25/12192396083230.jpg,https://www.metro.ca/en/online-grocery/search-page-376
RUSTICA,Frozen Deluxe Rising Crust Pizza,866 g,"$8.99
 ea.",,$1.04 /100g,"Regular price
$10.99  ea.","Valid until Feb 14, 2024",https://product-images.metro.ca/images/hee/h42/11849576611870.jpg,https://www.metro.ca/en/online-grocery/search-page-376
UNIBROUE,Beer Assortment,12x355 mL,"$23.99
 ea.",,$6.76 /100ml,,,https://product-images.metro.ca/images/h28/h96/11754472898590.jpg,https://www.metro.ca/en/online-grocery/search-page-376
CORONA EXTRA,Mexica Lager Beer,4x473 mL,"3 / 
$35.97",,or $14.49 ea. $0.63 /100ml,"Regular price
$15.49  ea.","Valid until Feb 7, 2024",https://product-images.metro.ca/images/hfe/h74/11669854552094.jpg,https://www.metro.ca/en/online-grocery/search-page-376
RITZ,"Crackers, Sociables",180 g,"$3.49
 ea.",,$1.94 /100g,"Regular price
$4.19  ea.","Valid until Jan 24, 2024",,https://www.metro.ca/en/online-grocery/search-page-376
BÂTON ROUGE,BBQ Sauce Aged Cheddar Poutine,320 g,"$6.99
 ea.",,$2.18 /100g,"Regular price
$7.99  ea.","Valid until Feb 14, 2024",https://www.metro.ca/images/shared/placeholders/icon-no-picture.svg?v=2023.71.1.d1,https://www.metro.ca/en/online-grocery/search-page-376
BÂTON ROUGE,BBQ Sauce Bacon Poutine,320 g,"$6.99
 ea.",,$2.18 /100g,"Regular price
$7.99  ea.","Valid until Feb 14, 2024",https://www.metro.ca/images/shared/placeholders/icon-no-picture.svg?v=2023.71.1.d1,https://www.metro.ca/en/online-grocery/search-page-376
NESCAFÉ,Caramel Flavoured Instant Coffee,100 g,"$8.49
 ea.",,$8.49 /100g,,,https://www.metro.ca/images/shared/placeholders/icon-no-picture.svg?v=2023.71.1.d1,https://www.metro.ca/en/online-grocery/search-page-376
LIFE SMART,"Wild Blueberry Spread, Naturalia",250 mL,"$4.69
 ea.",,$1.88 /100ml,,,,https://www.metro.ca/en/online-grocery/search-page-376
IRRESISTIBLES,Belgian Chocolate European Cookies Assortment,500 g,"$14.99
 ea.",,$3.00 /100g,,,https://product-images.metro.ca/images/hf5/h4a/11726611644446.jpg,https://www.metro.ca/en/online-grocery/search-page-376
KRAFT,"Frozen Macaroni And Four Cheese, Deluxe",340 g,"$4.99
 ea.",,$1.47 /100g,"Regular price
$5.99  ea.","Valid until Feb 14, 2024",,https://www.metro.ca/en/online-grocery/search-page-376
KRAFT,"Frozen Macaroni And Creamy Cheese, Deluxe",340 g,"$4.99
 ea.",,$1.47 /100g,"Regular price
$5.99  ea.","Valid until Feb 14, 2024",,https://www.metro.ca/en/online-grocery/search-page-376
YOPLAIT,"Cotton Candy Flavoured Yogurt, Tubes",8x56 g,"$3.33
 ea.",,$0.74 /100g,"Regular price
$4.29  ea.","Valid until Feb 14, 2024",,https://www.metro.ca/en/online-grocery/search-page-376
YOPLAIT,"Raspberry Flavoured Yogurt, Tubes",8x56 g,"$3.33
 ea.",,$0.74 /100g,"Regular price
$4.29  ea.","Valid until Feb 14, 2024",,https://www.metro.ca/en/online-grocery/search-page-376
YOPLAIT,"Strawberry Flavoured Yogurt, Tubes",8x56 g,"$3.33
 ea.",,$0.74 /100g,"Regular price
$4.29  ea.","Valid until Feb 14, 2024",,https://www.metro.ca/en/online-grocery/search-page-376
YOPLAIT,"Strawberry Banana And Fruit Punch Flavoured Yogurt, ...",8x56 g,"$3.33
 ea.",,$0.74 /100g,"Regular price
$4.29  ea.","Valid until Feb 14, 2024",,https://www.metro.ca/en/online-grocery/search-page-376
WHEAT THINS,Original Flavour Wheat Crackers,180 g,"$3.49
 ea.",,$1.94 /100g,"Regular price
$4.19  ea.","Valid until Jan 24, 2024",https://product-images.metro.ca/images/he2/hd0/12175814819870.jpg,https://www.metro.ca/en/online-grocery/search-page-376
WHEAT THINS,Multigrain Crackers,180 g,"$3.49
 ea.",,$1.94 /100g,"Regular price
$4.19  ea.","Valid until Jan 24, 2024",https://product-images.metro.ca/images/h74/ha0/12175812788254.jpg,https://www.metro.ca/en/online-grocery/search-page-376
RITZ,Swiss Cheese Flavoured Crackers,180 g,"$3.49
 ea.",,$1.94 /100g,"Regular price
$4.19  ea.","Valid until Jan 24, 2024",https://product-images.metro.ca/images/h1d/ha2/12175833399326.jpg,https://www.metro.ca/en/online-grocery/search-page-376
VEGETABLE THINS,Reduced Fat Vegetable Wheat Crackers,180 g,"$3.49
 ea.",,$1.94 /100g,"Regular price
$4.19  ea.","Valid until Jan 24, 2024",https://product-images.metro.ca/images/h9a/hdb/12175826616350.jpg,https://www.metro.ca/en/online-grocery/search-page-376
RITZ,"Smoky Bacon Flavoured Crackers, Bacon Dippers",180 g,"$3.49
 ea.",,$1.94 /100g,"Regular price
$4.19  ea.","Valid until Jan 24, 2024",,https://www.metro.ca/en/online-grocery/search-page-376
RITZ,Cheddar Cheese Bits Crackers,180 g,"$3.49
 ea.",,$1.94 /100g,"Regular price
$4.19  ea.","Valid until Jan 24, 2024",https://product-images.metro.ca/images/h13/h20/11817133670430.jpg,https://www.metro.ca/en/online-grocery/search-page-376
COPPER BRANCH,Frozen General Tao Bowl,385 g,"$7.99
 ea.",,$2.08 /100g,"Regular price
$9.49  ea.","Valid until Feb 14, 2024",https://product-images.metro.ca/images/h43/h0a/11644740075550.jpg,https://www.metro.ca/en/online-grocery/search-page-376
RITZ,Original Flavour Crackers,180 g,"$3.49
 ea.",,$1.94 /100g,"Regular price
$4.19  ea.","Valid until Jan 24, 2024",https://product-images.metro.ca/images/haf/ha9/12175793258526.jpg,https://www.metro.ca/en/online-grocery/search-page-376
YOPLAIT,"Special Edition Bubble Gum Flavoured Yogurt, Tubes",8x56 g,"$3.33
 ea.",,$0.74 /100g,"Regular price
$4.29  ea.","Valid until Feb 14, 2024",,https://www.metro.ca/en/online-grocery/search-page-376
RITZ,Cheddar Cheese Crackers,180 g,"$3.49
 ea.",,$1.94 /100g,"Regular price
$4.19  ea.","Valid until Jan 24, 2024",https://product-images.metro.ca/images/h8a/h12/12175848407070.jpg,https://www.metro.ca/en/online-grocery/search-page-376
STEFANO FAITA,Frozen Pepperoni Pizza,402 g,"$6.99
 ea.",,$1.74 /100g,"Regular price
$7.99  ea.","Valid until Feb 14, 2024",https://product-images.metro.ca/images/h60/h8d/11852811927582.jpg,https://www.metro.ca/en/online-grocery/search-page-376
STEFANO FAITA,Frozen Primavera Pizza,429 g,"$6.99
 ea.",,$1.63 /100g,"Regular price
$7.99  ea.","Valid until Feb 14, 2024",https://product-images.metro.ca/images/hbb/h82/12258178564126.jpg,https://www.metro.ca/en/online-grocery/search-page-376
STEFANO FAITA,Frozen Sausage And Bell Peppers Pizza,426 g,"$6.99
 ea.",,$1.64 /100g,"Regular price
$7.99  ea.","Valid until Feb 14, 2024",https://product-images.metro.ca/images/h95/h3a/11919035072542.jpg,https://www.metro.ca/en/online-grocery/search-page-376
RITZ,Cheddar Cheese Crackers,180 g,"$3.49
 ea.",,$1.94 /100g,"Regular price
$4.19  ea.","Valid until Jan 24, 2024",https://product-images.metro.ca/images/hd4/h52/12175825207326.jpg,https://www.metro.ca/en/online-grocery/search-page-377
PILLSBURY,"Frozen Egg, Sausage,And Cheese Sauce In A Pastry Cru...",204 g,"$2.99
 ea.",,$1.47 /100g,"Regular price
$5.99  ea.","Valid until Jan 10, 2024",,https://www.metro.ca/en/online-grocery/search-page-377
RUSTICA,Frozen Rising Crust 4 Cheeses Pizza,772 g,"$8.99
 ea.",,$1.16 /100g,"Regular price
$10.99  ea.","Valid until Feb 14, 2024",https://product-images.metro.ca/images/hae/h44/11849614458910.jpg,https://www.metro.ca/en/online-grocery/search-page-377
STEFANO FAITA,Frozen Spinash And Ricotta Pizza,400 g,"$6.99
 ea.",,$1.75 /100g,"Regular price
$7.99  ea.","Valid until Feb 14, 2024",https://product-images.metro.ca/images/h24/h25/11919019737118.jpg,https://www.metro.ca/en/online-grocery/search-page-377
O SOLE MIO,Rosee Sauce,500 ml,"$7.99
 ea.",,$1.60 /100ml,"Regular price
$8.49  ea.","Valid until Jan 10, 2024",https://product-images.metro.ca/images/hb1/hea/10939308769310.jpg,https://www.metro.ca/en/online-grocery/search-page-377
VITAL,Potatoes And Vegetables Spice Mix,140 g,"$8.99
 ea.",,$6.42 /100g,,,https://product-images.metro.ca/images/h2a/h02/11401422274590.jpg,https://www.metro.ca/en/online-grocery/search-page-377
VITAL,"BBQ Spice Rub, Pure BBQ",170 g,"$8.99
 ea.",,$5.29 /100g,,,,https://www.metro.ca/en/online-grocery/search-page-377
VITAL,"Spicy Condiment, Pikliz",500 mL,"$7.99
 ea.",,$1.60 /100ml,"Regular price
$8.99  ea.","Valid until Jan 10, 2024",,https://www.metro.ca/en/online-grocery/search-page-377
VITAL,Maple And Pepper Spice Mix,155 g,"$8.99
 ea.",,$5.80 /100g,,,https://product-images.metro.ca/images/h05/h37/11401425682462.jpg,https://www.metro.ca/en/online-grocery/search-page-377
VITAL,Meat And Poultry Spice Mix,150 g,"$8.99
 ea.",,$5.99 /100g,,,https://product-images.metro.ca/images/h17/ha2/11401422307358.jpg,https://www.metro.ca/en/online-grocery/search-page-377
GALLO,Pure Extra Light Olive Oil,1 L,"$15.99
 ea.",,$1.60 /100ml,"Regular price
$19.99  ea.","Valid until Jan 10, 2024",https://product-images.metro.ca/images/h57/hf7/10520457871390.jpg,https://www.metro.ca/en/online-grocery/search-page-377
PERONI NASTRO AZZURRO,Italian Lager Beer,,"$22.99
 ea.",,$0.58 /100ml,"Regular price
$24.99  ea.","Valid until Jan 10, 2024",https://product-images.metro.ca/images/h12/h08/10807162765342.jpg,https://www.metro.ca/en/online-grocery/search-page-377
DAWN,"Original Scented Liquid Dish Soap, EZ-Squeeze",650 mL,"$5.49
 ea.",,$0.84 /100ml,,,,https://www.metro.ca/en/online-grocery/search-page-377
DAWN,"Refreshing Rain Scented Liquid Dish Soap, Ez-Squeeze",535 mL,"$5.49
 ea.",,$1.03 /100ml,,,,https://www.metro.ca/en/online-grocery/search-page-377
METROGO!,"Pollock Rolls, Value Pack",,"$12.33
 avg. ea.",(800 g avg.),$15.41 /kg$6.99 /lb.,"Regular price
$17.61  avg. kg","Valid until Jan 10, 2024",,https://www.metro.ca/en/online-grocery/search-page-377
NUVEL,Dairy Free Olive Oil Margarine,800 g,"$6.99
 ea.",,$0.87 /100g,"Regular price
$7.79  ea.","Valid until Feb 14, 2024",https://product-images.metro.ca/images/ha1/hf4/11574264922142.jpg,https://www.metro.ca/en/online-grocery/search-page-377
O SOLE MIO,3 Colours Linguine,700 g,"$7.99
 ea.",,$1.14 /100g,"Regular price
$9.99  ea.","Valid until Jan 10, 2024",https://product-images.metro.ca/images/ha3/h40/10779079278622.jpg,https://www.metro.ca/en/online-grocery/search-page-377
O SOLE MIO,4 Cheese Tortelloni,500 g,"$7.99
 ea.",,$1.60 /100g,"Regular price
$9.99  ea.","Valid until Jan 10, 2024",https://product-images.metro.ca/images/hcd/h6a/10959484878878.jpg,https://www.metro.ca/en/online-grocery/search-page-377
O SOLE MIO,Cheese And Spinach Manicotti,540 g,"$8.99
 ea.",,$1.66 /100g,"Regular price
$11.49  ea.","Valid until Jan 10, 2024",https://product-images.metro.ca/images/h0b/h0b/10959486287902.jpg,https://www.metro.ca/en/online-grocery/search-page-377
O SOLE MIO,Italian Sausage With Italian Cheese Tortelloni,600 g,"$7.99
 ea.",,$1.33 /100g,"Regular price
$9.99  ea.","Valid until Jan 10, 2024",https://product-images.metro.ca/images/h28/hc6/10695874019358.jpg,https://www.metro.ca/en/online-grocery/search-page-377
O SOLE MIO,Potato Gnocchi Skillet,800 g,"$7.99
 ea.",,$1.00 /100g,"Regular price
$9.99  ea.","Valid until Jan 10, 2024",https://product-images.metro.ca/images/h0b/he9/10695839940638.jpg,https://www.metro.ca/en/online-grocery/search-page-377
O SOLE MIO,Prosciutto And Parmigiano Reggiano Tortelloni,600 g,"$7.99
 ea.",,$1.33 /100g,"Regular price
$9.99  ea.","Valid until Jan 10, 2024",https://product-images.metro.ca/images/h05/hf2/10695865991198.jpg,https://www.metro.ca/en/online-grocery/search-page-377
TIDE,"HE Laundry Detergent Pacs With Oxi, Power Pods",48 un,"$29.49
 ea.",,$0.61 /un.,,,,https://www.metro.ca/en/online-grocery/search-page-377
TIDE,"Original Scent Laundry Detergent Packs, Power Pods",48 un,"$29.49
 ea.",,$0.61 /un.,,,,https://www.metro.ca/en/online-grocery/search-page-377
TIDE,Original Scented Heavy Duty HE Laundry Detergent Pac...,25 un,"$14.99
 ea.",,$0.60 /un.,"Regular price
$17.29  ea.","Valid until Feb 7, 2024",,https://www.metro.ca/en/online-grocery/search-page-377
MATEINA,Organic Blueberry Haskap Energy Drink,355 mL,"$3.69
 ea.",,$1.04 /100ml,,,https://product-images.metro.ca/images/h42/h2d/11590823084062.jpg,https://www.metro.ca/en/online-grocery/search-page-377
LULUBELLE,Chocolate Flavoured Muffin Mix,400 g,"$8.79
 ea.",,$2.20 /100g,,,https://product-images.metro.ca/images/h5a/h6e/10541781188638.jpg,https://www.metro.ca/en/online-grocery/search-page-377
LULUBELLE,Vanilla Flavoured Cake Mix,415 g,"$8.79
 ea.",,$2.12 /100g,,,https://product-images.metro.ca/images/hcb/h3f/10542540161054.jpg,https://www.metro.ca/en/online-grocery/search-page-377
LULUBELLE,Chocolate Flavoured Cake Mix,400 g,"$8.79
 ea.",,$2.20 /100g,,,https://product-images.metro.ca/images/h50/h32/10541880672286.jpg,https://www.metro.ca/en/online-grocery/search-page-377
CORDON BLEU,Lemon And Leek Flavoured Sauce,284 mL,"$2.49
 ea.",,$0.88 /100ml,"Regular price
$3.79  ea.","Valid until Jan 10, 2024",https://product-images.metro.ca/images/he6/h8f/10525303963678.jpg,https://www.metro.ca/en/online-grocery/search-page-377
CORDON BLEU,Steak Spices Flavoured Brown Sauce,284 mL,"$2.49
 ea.",,$0.88 /100ml,"Regular price
$3.79  ea.","Valid until Jan 10, 2024",https://product-images.metro.ca/images/h49/h40/10525232857118.jpg,https://www.metro.ca/en/online-grocery/search-page-378
CORA,Chocolate Flavoured Crepe Mix,700 g,"$6.99
 ea.",,$1.00 /100g,"Regular price
$7.99  ea.","Valid until Jan 10, 2024",https://product-images.metro.ca/images/h96/h79/10486873096222.jpg,https://www.metro.ca/en/online-grocery/search-page-378
CORDON BLEU,Mustard And Pepper Flavoured Sauce,284 mL,"$2.49
 ea.",,$0.88 /100ml,"Regular price
$3.79  ea.","Valid until Jan 10, 2024",https://product-images.metro.ca/images/hb0/hb3/10525243277342.jpg,https://www.metro.ca/en/online-grocery/search-page-378
CORA,Plain Crepe Mix,700 g,"$6.99
 ea.",,$1.00 /100g,"Regular price
$7.99  ea.","Valid until Jan 10, 2024",https://product-images.metro.ca/images/hde/hbf/10486865952798.jpg,https://www.metro.ca/en/online-grocery/search-page-378
METROGO!,Skin-On Salmon Tournedos,,"$11.57
 avg. ea.",(250 g avg.),$46.27 /kg$20.99 /lb.,,,https://product-images.metro.ca/images/ha2/h46/10525282664478.jpg,https://www.metro.ca/en/online-grocery/search-page-378
,Casa Grecque Style Lamb Chops,4 per tray,"$17.63
 avg. ea.",(400 g avg.),$44.07 /kg$19.99 /lb.,"Regular price
$46.27  avg. kg","Valid until Jan 10, 2024",https://product-images.metro.ca/images/hcd/h2a/10710742073374.jpg,https://www.metro.ca/en/online-grocery/search-page-378
HUGGIES,"Size 4 Diapers, Snug & Dry",76 un,"$30.99
 ea.",,$0.41 /un.,"Regular price
$33.99  ea.","Valid until Feb 7, 2024",,https://www.metro.ca/en/online-grocery/search-page-378
PERSONNELLE,"Size 5 Diapers, Bébé",24 un,"$7.99
 ea.",,$0.33 /un.,"Regular price
$10.49  ea.","Valid until Feb 7, 2024",,https://www.metro.ca/en/online-grocery/search-page-378
HUGGIES,"Size 3 Diapers, Snug & Dry",88 un,"$30.99
 ea.",,$0.35 /un.,"Regular price
$33.99  ea.","Valid until Feb 7, 2024",,https://www.metro.ca/en/online-grocery/search-page-378
HUGGIES,"Size 5 Diapers, Snug & Dry",68 un,"$30.99
 ea.",,$0.46 /un.,"Regular price
$33.99  ea.","Valid until Feb 7, 2024",,https://www.metro.ca/en/online-grocery/search-page-378
PERSONNELLE,"Size 3 Diapers, Bébé",32 un,"$7.99
 ea.",,$0.25 /un.,"Regular price
$10.49  ea.","Valid until Feb 7, 2024",,https://www.metro.ca/en/online-grocery/search-page-378
PERSONNELLE,"Size 6 Diapers, Bébé",21 un,"$7.99
 ea.",,$0.38 /un.,"Regular price
$10.49  ea.","Valid until Feb 7, 2024",,https://www.metro.ca/en/online-grocery/search-page-378
PERSONNELLE,"Size 4 Diapers, Bébé",28 un,"$7.99
 ea.",,$0.29 /un.,"Regular price
$10.49  ea.","Valid until Feb 7, 2024",,https://www.metro.ca/en/online-grocery/search-page-378
HUGGIES,"Size 6 Diapers, Snug & Dry",54 un,"$30.99
 ea.",,$0.57 /un.,"Regular price
$33.99  ea.","Valid until Feb 7, 2024",,https://www.metro.ca/en/online-grocery/search-page-378
PERSONNELLE,Fresh Mint Flavoured Antiseptic Mouthwash,1 L,"$3.99
 ea.",,$0.40 /100ml,"Regular price
$4.99  ea.","Valid until Feb 7, 2024",https://product-images.metro.ca/images/hd8/h36/11521877966878.jpg,https://www.metro.ca/en/online-grocery/search-page-378
PERSONNELLE,"Size 2 Diapers, Bébé",37 un,"$7.99
 ea.",,$0.22 /un.,"Regular price
$10.49  ea.","Valid until Feb 7, 2024",,https://www.metro.ca/en/online-grocery/search-page-378
PERSONNELLE,Original Antiseptic Mouthwash,1 L,"$3.99
 ea.",,$0.40 /100ml,"Regular price
$4.99  ea.","Valid until Feb 7, 2024",https://product-images.metro.ca/images/hf0/hdb/11521891008542.jpg,https://www.metro.ca/en/online-grocery/search-page-378
BUBLY,Watermelon Flavoured Sparkling Water,12x355 mL,"2 / 
$11.48",,or $6.49 ea. $0.13 /100ml,,"Valid until Feb 7, 2024",https://product-images.metro.ca/images/hf0/hec/10845373759518.jpg,https://www.metro.ca/en/online-grocery/search-page-378
HUGGIES,"Size 5 Diapers, Little Movers",50 un,"$30.99
 ea.",,$0.62 /un.,"Regular price
$33.99  ea.","Valid until Feb 7, 2024",,https://www.metro.ca/en/online-grocery/search-page-378
HUGGIES,"Size 6 Diapers, Little Movers",44 un,"$30.99
 ea.",,$0.70 /un.,"Regular price
$33.99  ea.","Valid until Feb 7, 2024",,https://www.metro.ca/en/online-grocery/search-page-378
O SOLE MIO,Frozen Meat Ravioli,275 g,"$4.49
 ea.",,$1.63 /100g,,,https://product-images.metro.ca/images/h96/h65/10686356062238.jpg,https://www.metro.ca/en/online-grocery/search-page-378
HUGGIES,"Size 3 Diapers, Little Movers",68 un,"$30.99
 ea.",,$0.46 /un.,"Regular price
$33.99  ea.","Valid until Feb 7, 2024",,https://www.metro.ca/en/online-grocery/search-page-378
O SOLE MIO,Frozen Meat Lasagna,275 g,"$4.49
 ea.",,$1.63 /100g,,,https://product-images.metro.ca/images/h0e/h28/10547182567454.jpg,https://www.metro.ca/en/online-grocery/search-page-378
HUGGIES,"Size 4 Diapers, Little Movers",58 un,"$30.99
 ea.",,$0.53 /un.,"Regular price
$33.99  ea.","Valid until Feb 7, 2024",,https://www.metro.ca/en/online-grocery/search-page-378
LIFE SMART,"First Pressed Canola Oil, Naturalia",946 mL,"$9.49
 ea.",,$1.00 /100ml,,,,https://www.metro.ca/en/online-grocery/search-page-378
IRRESISTIBLES,Battered Mozzarella Cheese Sticks,750 g,"$14.00
 ea.",,$1.87 /100g,,,https://product-images.metro.ca/images/h0e/h12/10823235665950.jpg,https://www.metro.ca/en/online-grocery/search-page-378
IRRESISTIBLES,"Dark Roast Ground Coffee, Italian Blend",340 g,"$6.99
 ea.",,$2.06 /100g,"Regular price
$8.49  ea.","Valid until Jan 10, 2024",,https://www.metro.ca/en/online-grocery/search-page-378
DOLE,Canned Mandarin Without Added Sugar,540 mL,"$4.69
 ea.",,$0.87 /100ml,,,https://product-images.metro.ca/images/h28/h05/10794362961950.jpg,https://www.metro.ca/en/online-grocery/search-page-378
PLANTERS,"Salted Macadamia, Cashew And Almonds",200 g,"$7.99
 ea.",,$4.00 /100g,,,https://product-images.metro.ca/images/h03/h04/11478137241630.jpg,https://www.metro.ca/en/online-grocery/search-page-378
DOLE,Canned Sliced Peach Without Added Sugar,540 mL,"$4.69
 ea.",,$0.87 /100ml,,,https://product-images.metro.ca/images/h6f/he8/10794642276382.jpg,https://www.metro.ca/en/online-grocery/search-page-378
DOLE,Canned Tropical Fruits Without Added Sugar,540 mL,"$4.69
 ea.",,$0.87 /100ml,,,https://product-images.metro.ca/images/h1e/h6e/10794560356382.jpg,https://www.metro.ca/en/online-grocery/search-page-379
HUGGIES,"Newborn Diapers, Little Snugglers",76 un,"$30.99
 ea.",,$0.41 /un.,"Regular price
$33.99  ea.","Valid until Feb 7, 2024",,https://www.metro.ca/en/online-grocery/search-page-379
HUGGIES,"Size 1 Diapers, Little Snugglers",84 un,"$30.99
 ea.",,$0.37 /un.,"Regular price
$33.99  ea.","Valid until Feb 7, 2024",,https://www.metro.ca/en/online-grocery/search-page-379
HUGGIES,"Size 5 Diapers, Overnites",44 un,"$30.99
 ea.",,$0.70 /un.,"Regular price
$33.99  ea.","Valid until Feb 7, 2024",,https://www.metro.ca/en/online-grocery/search-page-379
O SOLE MIO,Frozen Cheese Lasagna,275 g,"$4.49
 ea.",,$1.63 /100g,,,https://product-images.metro.ca/images/h13/hd4/10695861108766.jpg,https://www.metro.ca/en/online-grocery/search-page-379
SILK,"Original Flavour Plant-Based Beverage, Nextmilk",1.74 L,"$4.79
 ea.",,$0.28 /100ml,"Regular price
$6.29  ea.","Valid until Feb 14, 2024",,https://www.metro.ca/en/online-grocery/search-page-379
MERIT,Fruit Pie,500 g,"$10.49
 ea.",,$2.10 /100g,,,https://www.metro.ca/images/shared/placeholders/icon-no-picture.svg?v=2023.71.1.d1,https://www.metro.ca/en/online-grocery/search-page-379
VAN HOUTTE,Dulce De Leche Light Roast Ground Coffee,340 g,"$9.99
 ea.",,$2.94 /100g,"Regular price
$10.99  ea.","Valid until Feb 7, 2024",https://product-images.metro.ca/images/h19/h59/10792672985118.jpg,https://www.metro.ca/en/online-grocery/search-page-379
HERSHEY'S,"Peanut Butter Chips, Chipits Reese'S",270 g,"$4.29
 ea.",,$1.59 /100g,"Regular price
$4.79  ea.","Valid until Feb 7, 2024",,https://www.metro.ca/en/online-grocery/search-page-379
HERSHEY'S,"Semi-Sweet Chocolate Chips, Chipits",270 g,"$4.29
 ea.",,$1.59 /100g,"Regular price
$4.79  ea.","Valid until Feb 7, 2024",,https://www.metro.ca/en/online-grocery/search-page-379
HERSHEY'S,"Semi-Sweet Mini Chocolate Chips, Chipits",270 g,"$4.29
 ea.",,$1.59 /100g,"Regular price
$4.79  ea.","Valid until Feb 7, 2024",,https://www.metro.ca/en/online-grocery/search-page-379
HERSHEY'S,"Butterscotch Flavoured Chocolate Chips, Chipits",270 g,"$4.29
 ea.",,$1.59 /100g,"Regular price
$4.79  ea.","Valid until Feb 7, 2024",,https://www.metro.ca/en/online-grocery/search-page-379
HERSHEY'S,"Milk Chocolate Chips, Chipits",250 g,"$4.29
 ea.",,$1.72 /100g,"Regular price
$4.79  ea.","Valid until Feb 7, 2024",,https://www.metro.ca/en/online-grocery/search-page-379
HERSHEY'S,"Dark Chocolate Chips, Chipits",225 g,"$4.29
 ea.",,$1.91 /100g,"Regular price
$4.79  ea.","Valid until Feb 7, 2024",,https://www.metro.ca/en/online-grocery/search-page-379
MASTRO,Prosciutto Cotto Extra Lean,,"$2.99
 / 100 g",,$29.90 /kg$13.56 /lb.,"Regular price
$32.90  / kg","Valid until Jan 17, 2024",https://product-images.metro.ca/images/hf8/h73/9225535750174.jpg,https://www.metro.ca/en/online-grocery/search-page-379
HELLMANN'S,Classic Burger Sauce,325 mL,"$5.29
 ea.",,$1.63 /100ml,,,https://product-images.metro.ca/images/h1a/h6b/11344241164318.jpg,https://www.metro.ca/en/online-grocery/search-page-379
LINDT,"70% Cacao Dark Chocolate Bar, Lindor",100 g,"$3.49
 ea.",,$3.49 /100g,"Regular price
$4.79  ea.","Valid until Jan 24, 2024",,https://www.metro.ca/en/online-grocery/search-page-379
LINDT,"White Chocolate Bar, Lindor",100 g,"$3.49
 ea.",,$3.49 /100g,"Regular price
$4.79  ea.","Valid until Jan 24, 2024",,https://www.metro.ca/en/online-grocery/search-page-379
LINDT,"Dark Chocolate Bar, Swiss Classic",100 g,"$3.49
 ea.",,$3.49 /100g,"Regular price
$3.99  ea.","Valid until Jan 24, 2024",,https://www.metro.ca/en/online-grocery/search-page-379
LOTO-QUÉBEC,Le Majestueux,1 un,"$10.00
 ea.",,$10.00 /un.,,,https://product-images.metro.ca/images/h44/hd6/12354643886110.jpg,https://www.metro.ca/en/online-grocery/search-page-379
TACOTIME,Frozen Beef Taquitos,360 g,"$14.49
 ea.",,$4.03 /100g,,,https://product-images.metro.ca/images/hfb/h13/12272545497118.jpg,https://www.metro.ca/en/online-grocery/search-page-379
LIFE SMART,"Frozen Wild Blueberries, Naturalia",600 g,"3 / 
$16.99",,or $6.99 ea. $0.94 /100g,,"Valid until Feb 14, 2024",,https://www.metro.ca/en/online-grocery/search-page-379
SELECTION,Frozen Edamame In Pods,500 g,"$3.49
 ea.",,$0.70 /100g,"Regular price
$4.49  ea.","Valid until Jan 10, 2024",https://product-images.metro.ca/images/he8/h09/9748066959390.jpg,https://www.metro.ca/en/online-grocery/search-page-379
SELECTION,Frozen Corn Kernels,750 g,"$3.49
 ea.",,$0.47 /100g,"Regular price
$4.49  ea.","Valid until Jan 10, 2024",https://product-images.metro.ca/images/h1d/h2b/9748066893854.jpg,https://www.metro.ca/en/online-grocery/search-page-379
RED BULL,"Energy Drink, Zero",473 mL,"2 / 
$8.50",,$0.90 /100ml,"Regular price
$5.49  ea.","Valid until Jan 24, 2024",,https://www.metro.ca/en/online-grocery/search-page-379
SELECTION,3-Ply Facial Tissues,1x60 sheets,"$1.79
 ea.",,$1.79 /un.,,,https://product-images.metro.ca/images/hbb/h31/9774053851166.jpg,https://www.metro.ca/en/online-grocery/search-page-379
LIFE SMART,"Whole Frozen Strawberries, Naturalia",600 g,"3 / 
$16.99",,or $6.99 ea. $0.94 /100g,,"Valid until Feb 14, 2024",,https://www.metro.ca/en/online-grocery/search-page-379
,Frozen Raw Shrimp,Size 21-25,"$3.49
 / 100 g",,$34.90 /kg$15.83 /lb.,,,https://product-images.metro.ca/images/h74/h23/9999548317726.jpg,https://www.metro.ca/en/online-grocery/search-page-379
SELECTION,Cheddar Cheese Thick Slices,410 g,"$4.29
 ea.",,$1.05 /100g,"Regular price
$4.99  ea.","Valid until Feb 14, 2024",https://product-images.metro.ca/images/h20/h6c/9825045643294.jpg,https://www.metro.ca/en/online-grocery/search-page-379
SELECTION,Cheddar Cheese Slices,410 g,"$4.29
 ea.",,$1.05 /100g,"Regular price
$4.99  ea.","Valid until Feb 14, 2024",https://product-images.metro.ca/images/hfc/h12/9825122320414.jpg,https://www.metro.ca/en/online-grocery/search-page-379
LIFE SMART,Frozen Chicken Parmigiana,270 g,"$3.29
 ea.",,$1.22 /100g,,,https://product-images.metro.ca/images/hdb/hca/11430590152734.jpg,https://www.metro.ca/en/online-grocery/search-page-380
LIFE SMART,Frozen Cashew Thai Chicken,248 g,"$3.29
 ea.",,$1.33 /100g,,,https://product-images.metro.ca/images/h1c/hb9/9871794372638.jpg,https://www.metro.ca/en/online-grocery/search-page-380
SELECTION,Fat-Free Sliced Cheddar Cheese,410 g,"$4.29
 ea.",,$1.05 /100g,"Regular price
$4.99  ea.","Valid until Feb 14, 2024",https://product-images.metro.ca/images/h06/h0a/9825259487262.jpg,https://www.metro.ca/en/online-grocery/search-page-380
LIBERTÉ,"5% Plain Extra Creamy Greek Yogurt, Greek",650 g,"$5.97
 ea.",,$0.92 /100g,"Regular price
$8.29  ea.","Valid until Jan 10, 2024",,https://www.metro.ca/en/online-grocery/search-page-380
LIBERTÉ,"Vanilla Flavoured 5% Extra Creamy Greek Yogurt, Greek",650 g,"$5.97
 ea.",,$0.92 /100g,"Regular price
$8.29  ea.","Valid until Jan 10, 2024",,https://www.metro.ca/en/online-grocery/search-page-380
SOFTSOAP,Lavender Scented Hand Soap With Shea Butter,"1,47 L","$8.29
 ea.",,$8.29 /un.,"Regular price
$11.29  ea.","Valid until Feb 7, 2024",https://product-images.metro.ca/images/h36/h55/10913263648798.jpg,https://www.metro.ca/en/online-grocery/search-page-380
NESCAFÉ,Intense Instant Coffee,160 g,"$8.49
 ea.",,$5.31 /100g,,,https://product-images.metro.ca/images/h2d/ha1/10118757810206.jpg,https://www.metro.ca/en/online-grocery/search-page-380
LIFE SMART,"Frozen Tropical Fruit Blend, Naturalia",600 g,"3 / 
$16.99",,or $6.99 ea. $0.94 /100g,,"Valid until Feb 14, 2024",,https://www.metro.ca/en/online-grocery/search-page-380
LIFE SMART,"Frozen Diced Avocado, Naturalia",400 g,"3 / 
$16.99",,or $6.99 ea. $1.42 /100g,,"Valid until Feb 14, 2024",,https://www.metro.ca/en/online-grocery/search-page-380
LIFE SMART,"Frozen Pineapple Chunks, Naturalia",600 g,"3 / 
$16.99",,or $6.99 ea. $0.94 /100g,,"Valid until Feb 14, 2024",,https://www.metro.ca/en/online-grocery/search-page-380
BRUNSWICK,Herring Fillets In Soy Oil,100 g,"$2.69
 ea.",,$2.69 /100g,,,https://product-images.metro.ca/images/he0/h4d/10784776486942.jpg,https://www.metro.ca/en/online-grocery/search-page-380
BRUNSWICK,Sardine Fillets In Spring Water,100 g,"$2.69
 ea.",,$2.69 /100g,,,https://product-images.metro.ca/images/h94/ha9/10784775176222.jpg,https://www.metro.ca/en/online-grocery/search-page-380
SELECTION,Whole Pitted Prunes,375 g,"$6.29
 ea.",,$1.68 /100g,,,https://product-images.metro.ca/images/he5/ha1/10123926011934.jpg,https://www.metro.ca/en/online-grocery/search-page-380
TROPICANA,Pineapple And Mango Fruit Beverage With Lime,1.54 L,"$6.29
 ea.",,$0.41 /100ml,,,https://product-images.metro.ca/images/h19/h15/10040176082974.jpg,https://www.metro.ca/en/online-grocery/search-page-380
SELECTION,Sliced Swiss Cheese,410 g,"$4.29
 ea.",,$1.05 /100g,"Regular price
$4.99  ea.","Valid until Feb 14, 2024",https://product-images.metro.ca/images/h81/ha7/9825228029982.jpg,https://www.metro.ca/en/online-grocery/search-page-380
SUNCHIPS,French Onion Flavoured Multigrain Chips,205 g,"$4.99
 ea.",,$2.43 /100g,,,https://product-images.metro.ca/images/hd9/h48/11570987565086.jpg,https://www.metro.ca/en/online-grocery/search-page-380
SUNCHIPS,Harvest Cheddar Flavoured Multigrain Chips,205 g,"$4.99
 ea.",,$2.43 /100g,,,https://product-images.metro.ca/images/hf2/hd3/10821395087390.jpg,https://www.metro.ca/en/online-grocery/search-page-380
STARBUCKS,Medium Roast Colombia Nespresso® Coffee Capsules,10 un,"$8.99
 ea.",,$15.77 /100un.,"Regular price
$9.99  ea.","Valid until Feb 7, 2024",https://product-images.metro.ca/images/h57/hb8/12266573135902.jpg,https://www.metro.ca/en/online-grocery/search-page-380
RYVITA,Dark Crisp Bread Crackers,250 g,"$4.19
 ea.",,$1.68 /100g,"Regular price
$4.99  ea.","Valid until Jan 24, 2024",https://product-images.metro.ca/images/h9c/hc0/11244059328542.jpg,https://www.metro.ca/en/online-grocery/search-page-380
TRISCUIT,Original Mini Crackers,200 g,"$4.49
 ea.",,$2.25 /100g,,,https://product-images.metro.ca/images/h82/h2b/11117411565598.jpg,https://www.metro.ca/en/online-grocery/search-page-380
TROPICANA,Watermelon Fruit Beverage,1.54 L,"$6.29
 ea.",,$0.41 /100ml,,,https://product-images.metro.ca/images/ha0/h36/9859983802398.jpg,https://www.metro.ca/en/online-grocery/search-page-380
ROLD GOLD,"Tiny Twists Pretzels, Classic Style",295 g,"2 / 
$7.50",,$1.27 /100g,"Regular price
$4.99  ea.","Valid until Jan 10, 2024",,https://www.metro.ca/en/online-grocery/search-page-380
IRRESISTIBLES,Frozen Chicken Risotto,265 g,"$3.29
 ea.",,$1.24 /100g,,,https://product-images.metro.ca/images/h6e/h74/10073349193758.jpg,https://www.metro.ca/en/online-grocery/search-page-380
KIM LAM,Frozen Wonton Soup Broth,1 L,"$8.99
 ea.",,$0.90 /100ml,,,https://product-images.metro.ca/images/h8e/h5d/10244737040414.jpg,https://www.metro.ca/en/online-grocery/search-page-380
KIM LAM,Frozen Chicken Wontons,180 g,"$11.99
 ea.",,$6.66 /100g,,,https://product-images.metro.ca/images/hcc/h6e/10674351177758.jpg,https://www.metro.ca/en/online-grocery/search-page-380
KIM LAM,Frozen Pork Spring Rolls,600 g,"$25.99
 ea.",,$4.33 /100g,,,https://product-images.metro.ca/images/ha5/h31/10244788486174.jpg,https://www.metro.ca/en/online-grocery/search-page-380
KIM LAM,Frozen Vegetable Wontons,180 g,"$11.99
 ea.",,$6.66 /100g,,,https://product-images.metro.ca/images/h86/h31/12259056648222.jpg,https://www.metro.ca/en/online-grocery/search-page-380
KIM LAM,Frozen Vegetable Spring Rolls,600 g,"$25.99
 ea.",,$4.33 /100g,,,https://product-images.metro.ca/images/hbd/h49/10674049318942.jpg,https://www.metro.ca/en/online-grocery/search-page-380
DARE,"Oatmeal Veggies And Fruits Soft Cookies, Bear Paws",168 g,"$4.69
 ea.",,$2.79 /100g,,,,https://www.metro.ca/en/online-grocery/search-page-380
DARE,Carrot Cake Flavoured Veggies And Fruits Soft Cookie...,168 g,"$4.69
 ea.",,$2.79 /100g,,,,https://www.metro.ca/en/online-grocery/search-page-380
BETTY CROCKER,"All Pink Starburst® Flavoured Fruit Roll, Fruit-By-Foot",128 g,"2 / 
$6.00",,or $3.99 ea. $2.34 /100g,,"Valid until Feb 7, 2024",,https://www.metro.ca/en/online-grocery/search-page-381
MISS VICKIE'S,Spicy Dill Pickle Kettle Cooked Chips,200 g,"$5.29
 ea.",,$2.65 /100g,,,https://product-images.metro.ca/images/h8f/hf9/12279528914974.jpg,https://www.metro.ca/en/online-grocery/search-page-381
SELECTION,"Shredded 4-Cheese Blend, Italiano",620 g,"$10.99
 ea.",,$1.77 /100g,,,,https://www.metro.ca/en/online-grocery/search-page-381
SELECTION,"Shredded 3-Cheese Blend, Tex Mex",620 g,"$10.99
 ea.",,$1.77 /100g,,,,https://www.metro.ca/en/online-grocery/search-page-381
SELECTION,Shredded Pizza Mozzarella Cheese,620 g,"$10.99
 ea.",,$1.77 /100g,,,https://product-images.metro.ca/images/hb6/h11/10053873041438.jpg,https://www.metro.ca/en/online-grocery/search-page-381
SELECTION,Shredded Pizza Mozzarella Cheese,620 g,"$10.99
 ea.",,$1.77 /100g,,,https://product-images.metro.ca/images/h52/h69/10053872418846.jpg,https://www.metro.ca/en/online-grocery/search-page-381
TROPICANA,Strawberry And Peach Fruit Beverage,1.54 L,"$6.29
 ea.",,$0.41 /100ml,,,https://product-images.metro.ca/images/h84/heb/10423265558558.jpg,https://www.metro.ca/en/online-grocery/search-page-381
TROPICANA,Blackberry And Blueberry Fruit Beverage,1.54 L,"$6.29
 ea.",,$0.41 /100ml,,,https://product-images.metro.ca/images/h6d/h1f/9860059824158.jpg,https://www.metro.ca/en/online-grocery/search-page-381
TROPICANA,Lemonade,1.54 L,"$6.29
 ea.",,$0.41 /100ml,,,https://product-images.metro.ca/images/h44/h28/10073301712926.jpg,https://www.metro.ca/en/online-grocery/search-page-381
AU PIED DE COCHON,"Smoky Maple Mustard, Baseball",253 g,"$7.99
 ea.",,$3.16 /100g,"Regular price
$8.99  ea.","Valid until Jan 10, 2024",,https://www.metro.ca/en/online-grocery/search-page-381
HERSHEY'S,"Chocolate Pretzel Bite, Reese",170 g,"$5.99
 ea.",,$3.52 /100g,,,,https://www.metro.ca/en/online-grocery/search-page-381
CHRISTIE,"Maple Flavoured Cookies, Peek Freans",300 g,"$3.79
 ea.",,$1.26 /100g,"Regular price
$4.99  ea.","Valid until Jan 24, 2024",,https://www.metro.ca/en/online-grocery/search-page-381
LIFE SMART,"Unsweetened Apple Sauce, Organic",620 mL,"$3.99
 ea.",,$0.64 /100ml,,,,https://www.metro.ca/en/online-grocery/search-page-381
CHIPS AHOY!,"Chocolate Chip Cookies, Chewy",271 g,"$3.79
 ea.",,$1.40 /100g,"Regular price
$4.79  ea.","Valid until Jan 24, 2024",,https://www.metro.ca/en/online-grocery/search-page-381
OREO,Dark Chocolate Sandwich Cookies,261 g,"$3.79
 ea.",,$1.45 /100g,"Regular price
$4.79  ea.","Valid until Jan 24, 2024",https://product-images.metro.ca/images/h2d/h0a/11432848195614.jpg,https://www.metro.ca/en/online-grocery/search-page-381
CHIPS AHOY!,Chocolate Chunk Cookies,251 g,"$3.79
 ea.",,$1.51 /100g,"Regular price
$4.79  ea.","Valid until Jan 24, 2024",https://product-images.metro.ca/images/h2a/h74/11320010604574.jpg,https://www.metro.ca/en/online-grocery/search-page-381
CHIPS AHOY!,Rainbow Chocolate Chips Cookies,258 g,"$3.79
 ea.",,$1.47 /100g,"Regular price
$4.79  ea.","Valid until Jan 24, 2024",https://product-images.metro.ca/images/hb2/hf2/9894870024222.jpg,https://www.metro.ca/en/online-grocery/search-page-381
OREO,Double Stuffed Chocolate Sandwich Cookies,261 g,"$3.79
 ea.",,$1.45 /100g,"Regular price
$4.79  ea.","Valid until Jan 24, 2024",https://product-images.metro.ca/images/h11/h5e/11068875702302.jpg,https://www.metro.ca/en/online-grocery/search-page-381
OREO,"Vanilla Flavoured Sandwich Cookies, Golden",270 g,"$3.79
 ea.",,$1.40 /100g,"Regular price
$4.79  ea.","Valid until Jan 24, 2024",,https://www.metro.ca/en/online-grocery/search-page-381
CHIPS AHOY!,Triple Chocolate Chunks Cookies,251 g,"$3.79
 ea.",,$1.51 /100g,"Regular price
$4.79  ea.","Valid until Jan 24, 2024",https://product-images.metro.ca/images/hd6/hca/10918290849822.jpg,https://www.metro.ca/en/online-grocery/search-page-381
STEAZ,Peach And Mango Flavoured Iced Green Tea,473 mL,"$2.69
 ea.",,$0.57 /100ml,,,https://product-images.metro.ca/images/h12/he3/9478855098398.jpg,https://www.metro.ca/en/online-grocery/search-page-381
,Eggplant,,"$3.30
 avg. ea.",(500 g avg.),$6.59 /kg$2.99 /lb.,,,https://product-images.metro.ca/images/h46/h74/9246490361886.jpg,https://www.metro.ca/en/online-grocery/search-page-381
,Assorted Hot House Sweet Bell Peppers,3 peppers per package,"$7.99
 ea.",,$2.66 /un.,,,https://product-images.metro.ca/images/hcd/h13/9246491377694.jpg,https://www.metro.ca/en/online-grocery/search-page-381
MAPLE LODGE FARMS,Original Chicken Wieners,450g,"$4.29
 ea.",,$0.95 /100g,,,https://product-images.metro.ca/images/hae/he2/11133608132638.jpg,https://www.metro.ca/en/online-grocery/search-page-381
SELECTION,Green Sweetened Relish,375 mL,"$1.79
 ea.",,$0.48 /100ml,"Regular price
$2.49  ea.","Valid until Jan 24, 2024",https://product-images.metro.ca/images/h83/h51/9685028503582.jpg,https://www.metro.ca/en/online-grocery/search-page-381
SELECTION,Dill Pickles,1 L,"$3.79
 ea.",,$0.38 /100ml,"Regular price
$4.29  ea.","Valid until Jan 24, 2024",https://product-images.metro.ca/images/h50/hf1/10882753757214.jpg,https://www.metro.ca/en/online-grocery/search-page-381
,Pork Tenderloin,,"$4.46
 avg. ea.",(450 g avg.),$9.90 /kg$4.49 /lb.,"Regular price
$19.82  avg. kg","Valid until Jan 10, 2024",https://product-images.metro.ca/images/hb8/haf/9246462115870.jpg,https://www.metro.ca/en/online-grocery/search-page-381
,T-Bone Steak,1 per tray,"$19.66
 avg. ea.",(425 g avg.),$46.27 /kg$20.99 /lb.,,,https://product-images.metro.ca/images/h51/hc4/12260195237918.jpg,https://www.metro.ca/en/online-grocery/search-page-381
SELECTION,Stone Ground Dijon Prepared Mustard,325 mL,"$3.29
 ea.",,$1.01 /100ml,,,https://product-images.metro.ca/images/hd8/h73/9249617084446.jpg,https://www.metro.ca/en/online-grocery/search-page-381
BERTOLLI,"Extra Virgin Olive Oil, Bold Taste",1 L,"$19.99
 ea.",,$2.00 /100ml,,,,https://www.metro.ca/en/online-grocery/search-page-381
CLUB HOUSE,"Pork Seasoning, La Grille",120 g,"$6.49
 ea.",,$5.41 /100g,,,,https://www.metro.ca/en/online-grocery/search-page-382
CLUB HOUSE,"Salmon Seasoning, La Grille",140 g,"$6.49
 ea.",,$4.64 /100g,,,,https://www.metro.ca/en/online-grocery/search-page-382
MÈRE MICHEL,40% Less Salt Naturally Smoked Bacon,375 g,"$4.99
 ea.",,$1.33 /100g,"Regular price
$7.99  ea.","Valid until Jan 10, 2024",https://product-images.metro.ca/images/h7a/hbd/11449612566558.jpg,https://www.metro.ca/en/online-grocery/search-page-382
TIM HORTONS,Medium Instant Coffee,100 g,"$8.79
 ea.",,$8.79 /100g,,,https://product-images.metro.ca/images/h12/h4b/12174975467550.jpg,https://www.metro.ca/en/online-grocery/search-page-382
SELECTION,Tomato Ketchup,1 L,"$3.99
 ea.",,$0.40 /100ml,"Regular price
$4.49  ea.","Valid until Jan 24, 2024",https://product-images.metro.ca/images/h5e/h44/10822701744158.jpg,https://www.metro.ca/en/online-grocery/search-page-382
SELECTION,Garlic And Dill Pickles,1 L,"$3.79
 ea.",,$0.38 /100ml,"Regular price
$4.29  ea.","Valid until Jan 24, 2024",https://product-images.metro.ca/images/h7d/h73/10882747957278.jpg,https://www.metro.ca/en/online-grocery/search-page-382
SELECTION,Hamburger Style Sweet Pickles,1 L,"$3.79
 ea.",,$0.38 /100ml,"Regular price
$4.29  ea.","Valid until Jan 24, 2024",https://product-images.metro.ca/images/h5f/hb3/9249594867742.jpg,https://www.metro.ca/en/online-grocery/search-page-382
COOKIE IT UP,Milk Chocolate Chip Buttery Bite-Sized Shortbread Co...,140 g,"$5.49
 ea.",,$3.92 /100g,,,,https://www.metro.ca/en/online-grocery/search-page-382
,Ribsteak,,"$20.33
 avg. ea.",(450 g avg.),$45.17 /kg$20.49 /lb.,,,https://product-images.metro.ca/images/hcd/h6d/9249700577310.jpg,https://www.metro.ca/en/online-grocery/search-page-382
,Beef Striploin Steak,,"$13.22
 avg. ea.",(300 g avg.),$44.07 /kg$19.99 /lb.,,,https://product-images.metro.ca/images/hc4/hae/11520996048926.jpg,https://www.metro.ca/en/online-grocery/search-page-382
PILLSBURY,Pizza Crust,391 g,"$3.99
 ea.",,$1.02 /100g,,,https://www.metro.ca/images/shared/placeholders/icon-no-picture.svg?v=2023.71.1.d1,https://www.metro.ca/en/online-grocery/search-page-382
LEE KUM KEE,Premium Soy Sauce,500 mL,"$4.99
 ea.",,$1.00 /100ml,,,https://product-images.metro.ca/images/h48/h59/12174942863390.jpg,https://www.metro.ca/en/online-grocery/search-page-382
CASTELLO,Gorgonzola Cheese,1 piece,"$6.20
 avg. ea.",(115 g avg.),$53.90 /kg$24.45 /lb.,,,https://product-images.metro.ca/images/hf6/h33/10265086263326.jpg,https://www.metro.ca/en/online-grocery/search-page-382
LINDT,"Hazelnut Dark Chocolate Bar, Swiss Classic",100 g,"$3.49
 ea.",,$3.49 /100g,"Regular price
$3.99  ea.","Valid until Jan 24, 2024",,https://www.metro.ca/en/online-grocery/search-page-382
LINDT,"Milk Chocolate Bar, Lindor",100 g,"$3.49
 ea.",,$3.49 /100g,"Regular price
$4.79  ea.","Valid until Jan 24, 2024",,https://www.metro.ca/en/online-grocery/search-page-382
KINDER BUENO,Chocolate And Nuts Mini Bites,145 g,"$5.29
 ea.",,$3.65 /100g,"Regular price
$5.99  ea.","Valid until Jan 24, 2024",https://product-images.metro.ca/images/h96/hc6/10040134041630.jpg,https://www.metro.ca/en/online-grocery/search-page-382
PERSONNELLE,Regular Flow Maxi Pads,24 un,"$3.99
 ea.",,$0.18 /un.,,,https://product-images.metro.ca/images/h10/h7c/9519948857374.jpg,https://www.metro.ca/en/online-grocery/search-page-382
SOFTSOAP,Liquid Hand Soap Refill Aquarium Series,1.47 L,"$8.29
 ea.",,$0.56 /100ml,"Regular price
$11.29  ea.","Valid until Feb 7, 2024",https://product-images.metro.ca/images/hbe/hbe/12018839289886.jpg,https://www.metro.ca/en/online-grocery/search-page-382
PETE AUTHENTIQUE,Bacon And Cheese Curds Sausages To Grill,320 g,"$8.99
 ea.",,$2.81 /100g,,,https://product-images.metro.ca/images/h10/h66/10763458150430.jpg,https://www.metro.ca/en/online-grocery/search-page-382
SMOKY BAY,Watermelon And Raspberry Flavoured Wine Beverage,1 L,"$10.99
 ea.",,$1.10 /100ml,,,https://product-images.metro.ca/images/h4f/h42/11493218582558.jpg,https://www.metro.ca/en/online-grocery/search-page-382
RIO MARE,Skinless And Boneless Salmon Filets In Olive Oil,125 g,"$8.49
 ea.",,$6.79 /100g,"Regular price
$10.29  ea.","Valid until Jan 10, 2024",https://product-images.metro.ca/images/hf9/h42/10250411868190.jpg,https://www.metro.ca/en/online-grocery/search-page-382
CAMPBELL'S,Broccoli And Cheese Soup,515 mL,"$4.29
 ea.",,$0.83 /100ml,,,https://www.metro.ca/images/shared/placeholders/icon-no-picture.svg?v=2023.71.1.d1,https://www.metro.ca/en/online-grocery/search-page-382
CAMPBELL'S,Vegetable And Beef Soup,515 mL,"$4.29
 ea.",,$0.83 /100ml,,,https://product-images.metro.ca/images/hc5/h4e/10821495521310.jpg,https://www.metro.ca/en/online-grocery/search-page-382
LIFE SMART,"Lemon Dressing, Naturalia",250 mL,"$2.99
 ea.",,$1.20 /100ml,"Regular price
$3.29  ea.","Valid until Jan 24, 2024",,https://www.metro.ca/en/online-grocery/search-page-382
MCCAIN,"Frozen Onion And Potato Patties, 9 Minute Breakfast",600 g,"$5.49
 ea.",,$0.92 /100g,"Regular price
$6.79  ea.","Valid until Feb 14, 2024",,https://www.metro.ca/en/online-grocery/search-page-382
CAMPBELL'S,Italian Wedding Ready To Serve Soup,515 mL,"$4.29
 ea.",,$0.83 /100ml,,,https://product-images.metro.ca/images/h0b/ha5/10841627459614.jpg,https://www.metro.ca/en/online-grocery/search-page-382
SELECTION,Shredded Mild Marble Cheddar Cheese,320 g,"$5.99
 ea.",,$1.87 /100g,"Regular price
$7.49  ea.","Valid until Feb 14, 2024",https://product-images.metro.ca/images/h0c/he4/10200609783838.jpg,https://www.metro.ca/en/online-grocery/search-page-382
THE GREAT GENTLEMAN,Tonic Water,6x250 mL,"$9.49
 ea.",,$0.63 /100ml,"Regular price
$11.29  ea.","Valid until Jan 24, 2024",https://product-images.metro.ca/images/h74/h22/10157277741086.jpg,https://www.metro.ca/en/online-grocery/search-page-382
GENERAL MILLS,"Chocolate Flavoured Cereal, Cheerios",420 g,"2 / 
$8.00",,or $5.99 ea. $0.95 /100g,,"Valid until Feb 7, 2024",,https://www.metro.ca/en/online-grocery/search-page-382
GENERAL MILLS,"Whole Grains Cereals, Caramel Toast Crunch",340 g,"2 / 
$8.00",,or $5.99 ea. $1.18 /100g,,"Valid until Jan 10, 2024",,https://www.metro.ca/en/online-grocery/search-page-382
TABASCO,Sriracha Pepper Sauce,256 mL,"$5.79
 ea.",,$2.26 /100ml,,,https://product-images.metro.ca/images/h46/hb9/10946187001886.jpg,https://www.metro.ca/en/online-grocery/search-page-383
TIDE,"Original Laundry Detergent, Hygienic Clean",100 loads - 4.55 L,"$26.99
 ea.",,$0.59 /100ml,,,,https://www.metro.ca/en/online-grocery/search-page-383
BOB'S RED MILL,Textured Vegetable Proteins,340 g,"$6.49
 ea.",,$1.91 /100g,,,https://product-images.metro.ca/images/h0d/h5f/11609681395742.jpg,https://www.metro.ca/en/online-grocery/search-page-383
QUAKER,Regular Instant Oatmeal,280 g,"$3.49
 ea.",,$1.25 /100g,"Regular price
$4.99  ea.","Valid until Feb 7, 2024",https://product-images.metro.ca/images/h69/h2b/11627138220062.jpg,https://www.metro.ca/en/online-grocery/search-page-383
TIDE,"Cold Water Unscented HE Laundry Detergent Pacs, Free...",81 un,"$29.49
 ea.",,$0.36 /un.,,,,https://www.metro.ca/en/online-grocery/search-page-383
PRANA,Organic And Gluten Free Oatmeal Cookie Crunch Cereal...,300 g,"$5.99
 ea.",,$2.00 /100g,,,,https://www.metro.ca/en/online-grocery/search-page-383
FLEECY,Fresh Air Scented Liquid Fabric Softener,57 loads-1.36 L,"$5.49
 ea.",,$0.40 /100ml,"Regular price
$6.49  ea.","Valid until Feb 7, 2024",https://product-images.metro.ca/images/hc3/h27/10727396605982.jpg,https://www.metro.ca/en/online-grocery/search-page-383
PEARL MILLING COMPANY,Original Pancake And Waffle Mix,905 g,"$3.99
 ea.",,$0.44 /100g,"Regular price
$4.99  ea.","Valid until Jan 10, 2024",https://product-images.metro.ca/images/h6d/ha6/12279701897246.jpg,https://www.metro.ca/en/online-grocery/search-page-383
CHEETOS,Jalapeno Flavoured Mac'N Cheese,164 g,"$2.49
 ea.",,$1.52 /100g,,,https://product-images.metro.ca/images/h6c/h91/10510239563806.jpg,https://www.metro.ca/en/online-grocery/search-page-383
TIM HORTONS,Chicken Noodle Soup,540 mL,"4 / 
$10.00",,or $3.49 ea. $0.46 /100ml,"Regular price
$4.79  ea.","Valid until Jan 24, 2024",https://product-images.metro.ca/images/h7b/h95/9523664158750.jpg,https://www.metro.ca/en/online-grocery/search-page-383
LIFE SMART,Sea Salt Rice Crackers,100 g,"$1.99
 ea.",,$1.99 /100g,,,https://product-images.metro.ca/images/hd4/h9f/9653759442974.jpg,https://www.metro.ca/en/online-grocery/search-page-383
LIFE SMART,"Quick Steel Cut Oats, Naturalia",709 g,"$4.49
 ea.",,$0.63 /100g,,,,https://www.metro.ca/en/online-grocery/search-page-383
POP-TARTS,"Strawberry Flavoured Mini-Pastries, Bites",400 g,"$7.49
 ea.",,$1.87 /100g,,,,https://www.metro.ca/en/online-grocery/search-page-383
POP-TARTS,"Confetti Cake Flavoured Mini-Pastries, Bites",400 g,"$7.49
 ea.",,$1.87 /100g,,,,https://www.metro.ca/en/online-grocery/search-page-383
,Whole Boneless Pork Loin,1 per tray,"$41.80
 avg. ea.","(5,000 g avg.)",$8.36 /kg$3.79 /lb.,,,https://product-images.metro.ca/images/h4c/h71/10514818334750.jpg,https://www.metro.ca/en/online-grocery/search-page-383
FLAMINGO,Frozen Gluten Free Chicken Breast Strips,600 g,"$13.99
 ea.",,$2.33 /100g,"Regular price
$14.99  ea.","Valid until Jan 17, 2024",https://product-images.metro.ca/images/h80/hc6/9746911821854.jpg,https://www.metro.ca/en/online-grocery/search-page-383
FLAMINGO,Frozen Chicken Breast Chunkies,750 g,"$15.99
 ea.",,$2.13 /100g,"Regular price
$16.99  ea.","Valid until Jan 17, 2024",https://product-images.metro.ca/images/h6a/hc9/11274350395422.jpg,https://www.metro.ca/en/online-grocery/search-page-383
FLAMINGO,Frozen Popcorn Chicken,680 g,"$13.99
 ea.",,$2.06 /100g,"Regular price
$14.99  ea.","Valid until Jan 17, 2024",https://product-images.metro.ca/images/h7c/h6d/9746915098654.jpg,https://www.metro.ca/en/online-grocery/search-page-383
FLAMINGO,Frozen Gluten Free Chicken Breast Nuggets,600 g,"$13.99
 ea.",,$2.33 /100g,"Regular price
$14.99  ea.","Valid until Jan 17, 2024",https://product-images.metro.ca/images/hab/h79/9746913230878.jpg,https://www.metro.ca/en/online-grocery/search-page-383
FLAMINGO,Frozen Gluten Free Chicken Burgers,600 g,"$13.99
 ea.",,$2.33 /100g,"Regular price
$14.99  ea.","Valid until Jan 17, 2024",https://product-images.metro.ca/images/h5f/hb7/9523524239390.jpg,https://www.metro.ca/en/online-grocery/search-page-383
FLAMINGO,Frozen Chicken Burgers,680 g,"$13.99
 ea.",,$2.06 /100g,"Regular price
$14.99  ea.","Valid until Jan 17, 2024",https://product-images.metro.ca/images/h4b/hf7/11274350788638.jpg,https://www.metro.ca/en/online-grocery/search-page-383
FLAMINGO,Frozen BBQ Chicken Breast Chunkies,750 g,"$15.99
 ea.",,$2.13 /100g,"Regular price
$16.99  ea.","Valid until Jan 17, 2024",https://product-images.metro.ca/images/h0d/h88/11274355114014.jpg,https://www.metro.ca/en/online-grocery/search-page-383
KRONENBOURG 1664,"French White Beer With A Hint Of Citrus, Blanc",12x330 mL - cans,"$22.99
 ea.",,$0.58 /100ml,"Regular price
$25.99  ea.","Valid until Jan 10, 2024",,https://www.metro.ca/en/online-grocery/search-page-383
FINISH,"All In 1 Max™ Dishwasher Detergent Tabs, Powerball",35 un,"$10.99
 ea.",,$0.31 /un.,"Regular price
$14.99  ea.","Valid until Feb 7, 2024",,https://www.metro.ca/en/online-grocery/search-page-383
POP-TARTS,Toaster Pastries With Chocolate Chips,384 g,"$2.99
 ea.",,$0.78 /100g,"Regular price
$4.49  ea.","Valid until Jan 10, 2024",https://product-images.metro.ca/images/hed/hcd/9485718618142.jpg,https://www.metro.ca/en/online-grocery/search-page-383
POP-TARTS,Frosted Chocolate Fudge Flavoured Toaster Pastries,384 g,"$2.99
 ea.",,$0.78 /100g,"Regular price
$4.49  ea.","Valid until Jan 10, 2024",https://product-images.metro.ca/images/h59/hb6/9485695221790.jpg,https://www.metro.ca/en/online-grocery/search-page-383
POP-TARTS,Frosted Blueberry Flavoured Toaster Pastries,384 g,"$2.99
 ea.",,$0.78 /100g,"Regular price
$4.49  ea.","Valid until Jan 10, 2024",https://product-images.metro.ca/images/h04/h94/10184203042846.jpg,https://www.metro.ca/en/online-grocery/search-page-383
POP-TARTS,Frosted Raspberry Flavoured Toaster Pastries,384 g,"$2.99
 ea.",,$0.78 /100g,"Regular price
$4.49  ea.","Valid until Jan 10, 2024",https://product-images.metro.ca/images/h22/h9e/10184203468830.jpg,https://www.metro.ca/en/online-grocery/search-page-383
IRRESISTIBLES,"Cajun Style Turkey Breast, Artisan",,"$4.49
 / 100 g",,$44.90 /kg$20.37 /lb.,"Regular price
$47.90  / kg","Valid until Jan 10, 2024",,https://www.metro.ca/en/online-grocery/search-page-383
POP-TARTS,"Frosted Blueberry Flavoured Mini-Pastries, Bites",400 g,"$3.74
 ea.",,$0.94 /100g,"Regular price
$7.49  ea.","Valid until Jun 13, 2024",,https://www.metro.ca/en/online-grocery/search-page-383
PLAISIRS GASTRONOMIQUES,Roasted Red Peppers Chicken Salad,360 g,"$8.99
 ea.",,$2.50 /100g,"Regular price
$9.99  ea.","Valid until Jan 10, 2024",https://product-images.metro.ca/images/h46/h58/10515896959006.jpg,https://www.metro.ca/en/online-grocery/search-page-384
IRRESISTIBLES,"Dark Roast Ground Coffee, Sumatra",340 g,"$6.99
 ea.",,$2.06 /100g,"Regular price
$8.49  ea.","Valid until Jan 10, 2024",,https://www.metro.ca/en/online-grocery/search-page-384
FLAMINGO,Spicy And Crispy BBQ Chicken Wings,550 g,"$15.99
 ea.",,$2.91 /100g,"Regular price
$16.99  ea.","Valid until Jan 17, 2024",https://product-images.metro.ca/images/h98/hf7/10882980216862.jpg,https://www.metro.ca/en/online-grocery/search-page-384
FLAMINGO,Mild And Crispy BBQ Chicken Wings,550 g,"$15.99
 ea.",,$2.91 /100g,"Regular price
$16.99  ea.","Valid until Jan 17, 2024",https://product-images.metro.ca/images/hbd/hd2/10882936143902.jpg,https://www.metro.ca/en/online-grocery/search-page-384
FLAMINGO,Honey Garlic Flavoured Chicken Wings,550 g,"$15.99
 ea.",,$2.91 /100g,"Regular price
$16.99  ea.","Valid until Jan 17, 2024",https://product-images.metro.ca/images/h5a/hdb/10883009576990.jpg,https://www.metro.ca/en/online-grocery/search-page-384
FLAMINGO,Gluten Free BBQ Chicken Wings,550 g,"$15.99
 ea.",,$2.91 /100g,"Regular price
$16.99  ea.","Valid until Jan 17, 2024",https://product-images.metro.ca/images/hec/h3c/10883004792862.jpg,https://www.metro.ca/en/online-grocery/search-page-384
FLAMINGO,Gluten Free Buffalo Chicken Wings,550 g,"$15.99
 ea.",,$2.91 /100g,"Regular price
$16.99  ea.","Valid until Jan 17, 2024",https://product-images.metro.ca/images/h41/h88/10883026911262.jpg,https://www.metro.ca/en/online-grocery/search-page-384
FLAMINGO,Frozen Breaded Chicken Strips,680 g,"$13.99
 ea.",,$2.06 /100g,"Regular price
$14.99  ea.","Valid until Jan 17, 2024",https://product-images.metro.ca/images/h8e/h6b/11281653563422.jpg,https://www.metro.ca/en/online-grocery/search-page-384
FLAMINGO,Frozen Breaded Chicken Fillets,600 g,"$15.99
 ea.",,$2.67 /100g,"Regular price
$16.99  ea.","Valid until Jan 17, 2024",https://product-images.metro.ca/images/h3a/h3c/11162127007774.jpg,https://www.metro.ca/en/online-grocery/search-page-384
FLAMINGO,Frozen Breaded Chicken Strips,680 g,"$13.99
 ea.",,$2.06 /100g,"Regular price
$14.99  ea.","Valid until Jan 17, 2024",https://product-images.metro.ca/images/hb7/he9/11281651662878.jpg,https://www.metro.ca/en/online-grocery/search-page-384
ST-HUBERT,Frozen Vegetarian "Chicken" Pot Pie,750 g,"$12.99
 ea.",,$1.73 /100g,"Regular price
$13.99  ea.","Valid until Jan 10, 2024",,https://www.metro.ca/en/online-grocery/search-page-384
LAY'S,Spicy Dill Pickle Flavoured Chips,220 g,"2 / 
$7.50",,$1.70 /100g,"Regular price
$4.49  ea.","Valid until Jan 10, 2024",https://product-images.metro.ca/images/h61/h97/12234957684766.jpg,https://www.metro.ca/en/online-grocery/search-page-384
LAY'S,"Nacho Cheese Flavoured Chips, Doritos",220 g,"2 / 
$7.50",,$1.70 /100g,"Regular price
$4.49  ea.","Valid until Jan 10, 2024",,https://www.metro.ca/en/online-grocery/search-page-384
MAPLE LEAF,"Smoked Black Forest Ham, Natural Selections",125 g,"$8.99
 ea.",,$7.19 /100g,,"Valid until Jan 10, 2024",,https://www.metro.ca/en/online-grocery/search-page-384
POM,"Everything Bread, Signature",600 g,"3 / 
$10.97",,or $4.99 ea. $0.61 /100g,,"Valid until Jan 10, 2024",,https://www.metro.ca/en/online-grocery/search-page-384
FLAMINGO,Frozen Mild Salt And Pepper Chicken Wings,550 g,"$15.99
 ea.",,$2.91 /100kg,"Regular price
$16.99  ea.","Valid until Jan 17, 2024",https://product-images.metro.ca/images/h9d/h8b/12066858467358.jpg,https://www.metro.ca/en/online-grocery/search-page-384
OASIS,"Grapefruit, Hibiscus And Blackberry Flavoured Collag...",1.6 L,"$3.99
 ea.",,$0.25 /100ml,"Regular price
$5.49  ea.","Valid until Jan 10, 2024",,https://www.metro.ca/en/online-grocery/search-page-384
MONSTER,"Zero Sugar Energy Drink, Zero Sugar",4x473 mL,"$9.79
 ea.",,$2.07 /100ml,"Regular price
$12.99  ea.","Valid until Jan 24, 2024",,https://www.metro.ca/en/online-grocery/search-page-384
OASIS,Lactose-Free Berry Smoothie,1.6 L,"$3.99
 ea.",,$0.25 /100ml,"Regular price
$5.49  ea.","Valid until Jan 10, 2024",https://product-images.metro.ca/images/h5b/h1f/12175636037662.jpg,https://www.metro.ca/en/online-grocery/search-page-384
CAMPBELL'S,Cream Mushroom Ready To Serve Soup,515 mL,"$4.29
 ea.",,$0.83 /100ml,,,https://product-images.metro.ca/images/h7e/h16/11679795970078.jpg,https://www.metro.ca/en/online-grocery/search-page-384
LIFE SMART,"Liquid Egg Whites, Naturalia",1 kg,"$6.49
 ea.",,$0.65 /100g,"Regular price
$7.49  ea.","Valid until Feb 14, 2024",,https://www.metro.ca/en/online-grocery/search-page-384
MOTT'S,Tomato And Clam Extra-Spicy Cocktail,2.54 L,"$6.99
 ea.",,$0.28 /100ml,,,https://product-images.metro.ca/images/h64/hf5/10045113335838.jpg,https://www.metro.ca/en/online-grocery/search-page-384
CAMPBELL'S,Classic Chicken Noodle Soup,515 mL,"$4.29
 ea.",,$0.83 /100ml,,,https://product-images.metro.ca/images/hf9/h9a/11679797542942.jpg,https://www.metro.ca/en/online-grocery/search-page-384
METROGO!,"Coconut Milk Shrimp, Martin Juneau",350 g,"$11.99
 ea.",,$3.43 /100g,"Regular price
$12.99  ea.","Valid until Jan 10, 2024",https://product-images.metro.ca/images/h50/h49/11926827401246.jpg,https://www.metro.ca/en/online-grocery/search-page-384
MONTELLIER,Grapefruit Flavoured Carbonated Natural Spring Water,10x355 mL,"$6.99
 ea.",,$1.97 /100ml,,,https://product-images.metro.ca/images/h11/haa/11535840935966.jpg,https://www.metro.ca/en/online-grocery/search-page-384
CAMPBELL'S,Herbed Chicken With Rice Soup,515 mL,"$4.29
 ea.",,$0.83 /100ml,,,https://product-images.metro.ca/images/h5e/h3c/10845497720862.jpg,https://www.metro.ca/en/online-grocery/search-page-384
,Lactose Free Jarlsberg Cheese Wedges,1 piece,"$16.76
 avg. ea.",(400 g avg.),$41.90 /kg$19.01 /lb.,,,https://product-images.metro.ca/images/h0b/hdc/10322924503070.jpg,https://www.metro.ca/en/online-grocery/search-page-384
POPCORNERS,Spicy Cheddar Popped-Corn Chips,142 g,"$4.49
 ea.",,$3.16 /100g,"Regular price
$4.99  ea.","Valid until Jan 10, 2024",https://product-images.metro.ca/images/h01/hfb/11994880049182.jpg,https://www.metro.ca/en/online-grocery/search-page-384
QUAKER,Peaches And Cream Flavoured Instant Oatmeal,240 g,"$3.49
 ea.",,$1.32 /100g,"Regular price
$4.99  ea.","Valid until Feb 7, 2024",https://product-images.metro.ca/images/h04/h90/12279462789150.jpg,https://www.metro.ca/en/online-grocery/search-page-384
KELLOGG'S,"Family Size Original Cereal, Mini Wheats",650 g,"$7.99
 ea.",,$1.23 /100g,,,,https://www.metro.ca/en/online-grocery/search-page-384
IRRESISTIBLES,"Dark Roast K-Cup Coffee Pods, Italian Blend",30 un,"$15.99
 ea.",,$0.53 /un.,"Regular price
$16.99  ea.","Valid until Feb 7, 2024",,https://www.metro.ca/en/online-grocery/search-page-385
VAN HOUTTE,"Medium Roast Half-Caffeine K-Cup® Coffee Capsule, Ke...",12 un,"$9.99
 ea.",,$0.83 /un.,"Regular price
$11.99  ea.","Valid until Feb 7, 2024",,https://www.metro.ca/en/online-grocery/search-page-385
BONTERRA,3 Ply Mega Facial Tissue,3 un,"$7.99
 ea.",,$2.66 /un.,,,https://product-images.metro.ca/images/hba/h7e/12175247343646.jpg,https://www.metro.ca/en/online-grocery/search-page-385
IRRESISTIBLES,"Medium Roast K-Cup Coffee Pods, Italian Blend",12 un,"$6.99
 ea.",,$0.58 /un.,"Regular price
$7.99  ea.","Valid until Jan 10, 2024",,https://www.metro.ca/en/online-grocery/search-page-385
SVELTE,Red Sangria,750 mL,"$9.49
 ea.",,$1.27 /100ml,,,https://product-images.metro.ca/images/hfc/hb5/11457530953758.jpg,https://www.metro.ca/en/online-grocery/search-page-385
STARBUCKS,Smooth Caramel Flavoured Nespresso Coffee Capsule,10 un,"$8.99
 ea.",,$17.63 /100un.,"Regular price
$9.99  ea.","Valid until Feb 7, 2024",https://product-images.metro.ca/images/hcd/hf3/12266669801502.jpg,https://www.metro.ca/en/online-grocery/search-page-385
METROGO!,Chili Con Carne,400 mL,"$6.49
 ea.",,$1.62 /100ml,,,https://www.metro.ca/images/shared/placeholders/icon-no-picture.svg?v=2023.71.1.d1,https://www.metro.ca/en/online-grocery/search-page-385
DAINTY,Doughnut Pancake Mix,340 g,"$5.99
 ea.",,$1.76 /100g,,,https://product-images.metro.ca/images/h75/hec/11590850707486.jpg,https://www.metro.ca/en/online-grocery/search-page-385
DAINTY,Fudgy Brownie Mix,460 g,"$5.99
 ea.",,$1.30 /100g,,,https://product-images.metro.ca/images/h17/hdb/11590855163934.jpg,https://www.metro.ca/en/online-grocery/search-page-385
DAINTY,Chocolate Cake Mix,375 g,"$5.99
 ea.",,$1.60 /100g,,,https://product-images.metro.ca/images/h52/h1e/11590851592222.jpg,https://www.metro.ca/en/online-grocery/search-page-385
DAINTY,Vanilla Cupcake Mix,370 g,"$5.99
 ea.",,$1.62 /100g,,,https://product-images.metro.ca/images/hdf/he4/11590853394462.jpg,https://www.metro.ca/en/online-grocery/search-page-385
SMART ONES,Frozen Ravioli Florentine Meal,241 g,"3 / 
$10.00",,$1.38 /100g,"Regular price
$4.49  ea.","Valid until Feb 14, 2024",https://product-images.metro.ca/images/h6c/hf5/12175846309918.jpg,https://www.metro.ca/en/online-grocery/search-page-385
PURINA ONE,"Beef And Bison Wet Dog Food, True Instinct",368 g,"2 / 
$5.50",,$0.75 /100g,"Regular price
$2.99  ea.","Valid until Jan 10, 2024",,https://www.metro.ca/en/online-grocery/search-page-385
METROGO!,"Korean-Style BBQ Pork Tenderloin, Martin Juneau",370 g,"$11.99
 ea.",,$3.24 /100g,"Regular price
$12.99  ea.","Valid until Jan 10, 2024",https://product-images.metro.ca/images/h06/h89/11926827991070.jpg,https://www.metro.ca/en/online-grocery/search-page-385
METROGO!,"Spicy Chorizo Gnocchi, Martin Juneau",370 g,"$11.99
 ea.",,$3.24 /100g,"Regular price
$12.99  ea.","Valid until Jan 10, 2024",https://product-images.metro.ca/images/h1f/hdd/11926825566238.jpg,https://www.metro.ca/en/online-grocery/search-page-385
MCCAFÉ,"Dark Roast K-Cup Coffee Pods, Espresso Roast",30 un,"3 / 
$54.99",,or $23.99 ea. $18.33 /un.,,"Valid until Feb 7, 2024",,https://www.metro.ca/en/online-grocery/search-page-385
METROGO!,"Pesto Chicken Breast, Martin Juneau",370 g,"$11.99
 ea.",,$3.24 /100g,"Regular price
$12.99  ea.","Valid until Jan 10, 2024",https://product-images.metro.ca/images/h20/hee/11926826221598.jpg,https://www.metro.ca/en/online-grocery/search-page-385
LAVAZZA,Medium Classico Ground Coffee,340 g,"$14.29
 ea.",,$4.20 /100g,,,https://www.metro.ca/images/shared/placeholders/icon-no-picture.svg?v=2023.71.1.d1,https://www.metro.ca/en/online-grocery/search-page-385
LAVAZZA,Perfetto Dark Velvet Coffee Capsules,30 un,"$26.49
 ea.",,$8.92 /100g,,,https://product-images.metro.ca/images/hb5/h3a/11349152071710.jpg,https://www.metro.ca/en/online-grocery/search-page-385
DOLE,"Peaches In Strawberry Flavoured Gel, Gel",4x123 g,"$4.49
 ea.",,$0.91 /100g,,,,https://www.metro.ca/en/online-grocery/search-page-385
LIFE SMART,Frozen Plant-Based Sicilian Style Cauliflower Crust ...,380 g,"$12.99
 ea.",,$3.42 /100g,,,,https://www.metro.ca/en/online-grocery/search-page-385
LIFE SMART,Frozen Plant-Based Cauliflower Crust Margherita Pizza,370 g,"$12.99
 ea.",,$3.51 /100g,,,https://product-images.metro.ca/images/h9e/h06/11751957037086.jpg,https://www.metro.ca/en/online-grocery/search-page-385
IRRESISTIBLES,"Medium Roast K-Cup Coffee Pods, Winter Blend",12 un,"$6.99
 ea.",,$0.58 /un.,"Regular price
$7.99  ea.","Valid until Jan 10, 2024",,https://www.metro.ca/en/online-grocery/search-page-385
LIBERTÉ,"5% Apple Pie Flavoured Greek Yogurt, Greek",650 g,"$5.97
 ea.",,$0.92 /100g,"Regular price
$8.29  ea.","Valid until Jan 10, 2024",,https://www.metro.ca/en/online-grocery/search-page-385
LIFE SMART,Frozen Plant-Based Cauliflower Crust Mozzarella And ...,335 g,"$12.99
 ea.",,$3.88 /100g,,,,https://www.metro.ca/en/online-grocery/search-page-385
ROBERTSON,Mincemeat Pie Filling,635 mL,"$10.99
 ea.",,$1.73 /100ml,,,https://product-images.metro.ca/images/h1d/hf6/12175094906910.jpg,https://www.metro.ca/en/online-grocery/search-page-385
BETTY CROCKER,"Lemon Flavoured Cake Mix, SuperMoist",375 g,"$2.00
 ea.",,$0.53 /100g,"Regular price
$2.69  ea.","Valid until Feb 7, 2024",,https://www.metro.ca/en/online-grocery/search-page-385
BETTY CROCKER,"Cherry Chip Cake Mix, SuperMoist",375 g,"$2.00
 ea.",,$0.53 /100g,"Regular price
$2.69  ea.","Valid until Feb 7, 2024",,https://www.metro.ca/en/online-grocery/search-page-385
DOWNY,"Blue Eucalyptus Scented Liquid Fabric Softener, Infu...",960 mL,"$8.99
 ea.",,$0.94 /100ml,,,,https://www.metro.ca/en/online-grocery/search-page-385
IRRESISTIBLES,Intense Dark Chocolate Cookies,280 g,"$4.49
 ea.",,$1.60 /100g,,,https://product-images.metro.ca/images/hc6/h95/12175803219998.jpg,https://www.metro.ca/en/online-grocery/search-page-385
SAN PELLEGRINO,Orange And Blood Orange Flavoured Sparkling Beverage...,6x330 mL,"$8.79
 ea.",,$2.66 /100ml,,,,https://www.metro.ca/en/online-grocery/search-page-386
CAVENDISH FARMS,Frozen Crinkle Cut French Fries,800 g,"$5.79
 ea.",,$0.72 /100g,,,https://product-images.metro.ca/images/h8f/h31/12175880060958.jpg,https://www.metro.ca/en/online-grocery/search-page-386
GAROFALO,Cappelletti,500 g,"$4.29
 ea.",,$0.86 /100g,,,https://product-images.metro.ca/images/he6/hc2/11643053113374.jpg,https://www.metro.ca/en/online-grocery/search-page-386
LA CAGE,Frozen Breaded Chicken Strips,550 g,"$7.99
 ea.",,$1.45 /100g,"Regular price
$13.99  ea.","Valid until Jan 10, 2024",https://product-images.metro.ca/images/hd4/h95/11931102478366.jpg,https://www.metro.ca/en/online-grocery/search-page-386
GAROFALO,Mafalda Corta,500 g,"$4.29
 ea.",,$0.86 /100g,,,https://product-images.metro.ca/images/h6c/h4c/11643052490782.jpg,https://www.metro.ca/en/online-grocery/search-page-386
,Local Red Delicious Apple,,"$1.05
 avg. ea.",(170 g avg.),$6.15 /kg$2.79 /lb.,,,https://www.metro.ca/images/shared/placeholders/icon-no-picture.svg?v=2023.71.1.d1,https://www.metro.ca/en/online-grocery/search-page-386
CANADA DRY,Zero Sugar Blackberry Soft Drink Can,12x355 mL,"$6.98
 ea.",,$1.97 /100ml,"Regular price
$7.99  ea.","Valid until Jan 10, 2024",https://www.metro.ca/images/shared/placeholders/icon-no-picture.svg?v=2023.71.1.d1,https://www.metro.ca/en/online-grocery/search-page-386
STONEFIRE,Naan Bread,200 g,"$4.99
 ea.",,$2.50 /100g,,"Valid until Jan 17, 2024",https://www.metro.ca/images/shared/placeholders/icon-no-picture.svg?v=2023.71.1.d1,https://www.metro.ca/en/online-grocery/search-page-386
IRRESISTIBLES,"Medium Roast Decaffeinated K-Cup Coffee Pods, Colomb...",12 un,"$6.99
 ea.",,$0.58 /un.,"Regular price
$7.99  ea.","Valid until Jan 10, 2024",,https://www.metro.ca/en/online-grocery/search-page-386
MR. CLEAN,Citrus Scented Antibacterial Multi-Surface Cleaner,1.33 L,"$5.99
 ea.",,$0.46 /100ml,,,https://product-images.metro.ca/images/h71/h91/10697253519390.jpg,https://www.metro.ca/en/online-grocery/search-page-386
PILLSBURY,Chocolate Chunk And Chip Cookies Dough,454 g,"$4.29
 ea.",,$0.94 /100g,"Regular price
$5.29  ea.","Valid until Feb 14, 2024",https://product-images.metro.ca/images/h38/h00/10784659669022.jpg,https://www.metro.ca/en/online-grocery/search-page-386
CASHMERE,2-Ply Bathroom Tissue,12x242 sheets,"$11.99
 ea.",,$1.00 /un.,,,https://product-images.metro.ca/images/hf1/h77/10393746898974.jpg,https://www.metro.ca/en/online-grocery/search-page-386
KRAFT,"Cheese Slices, Singles",410 g,"$5.79
 ea.",,$1.41 /100g,"Regular price
$6.19  ea.","Valid until Feb 14, 2024",,https://www.metro.ca/en/online-grocery/search-page-386
DOLE,Sunflower And Crunchy Bacon Salad Kit,347 g,"$5.99
 ea.",,$1.73 /100g,,,https://product-images.metro.ca/images/ha6/h66/9508598906910.jpg,https://www.metro.ca/en/online-grocery/search-page-386
JIF,Dark Roast Creamy Peanut Butter,1 kg,"$6.99
 ea.",,$0.70 /100kg,"Regular price
$7.79  ea.","Valid until Feb 7, 2024",https://product-images.metro.ca/images/hb1/hff/10518873833502.jpg,https://www.metro.ca/en/online-grocery/search-page-386
GATORADE,"Glacier Freeze Flavoured Sport Drink Beverage, G Zero",6x591 mL,"$5.99
 ea.",,$0.17 /100ml,"Regular price
$7.99  ea.","Valid until Jan 10, 2024",,https://www.metro.ca/en/online-grocery/search-page-386
DOLE,Bacon Caesar Salad Kit,290 g,"$5.99
 ea.",,$2.07 /100g,,,https://product-images.metro.ca/images/hd0/h67/11511718543390.jpg,https://www.metro.ca/en/online-grocery/search-page-386
BOUNCE,"Outdoor Fresh Fabric Softener Sheets, 4-In-1",200 un,"$13.49
 ea.",,$0.07 /un.,,,,https://www.metro.ca/en/online-grocery/search-page-386
DOLE,Avocado Ranch Salad Kit,319 g,"$5.99
 ea.",,$1.88 /100g,,,https://product-images.metro.ca/images/hcf/hb4/9731974692894.jpg,https://www.metro.ca/en/online-grocery/search-page-386
GATORADE,"Grape Flavoured Sport Drink Beverage, G Zero",6x591 mL,"$5.99
 ea.",,$0.17 /100ml,"Regular price
$7.99  ea.","Valid until Jan 10, 2024",,https://www.metro.ca/en/online-grocery/search-page-386
PHILADELPHIA,Lactose Free Soft Original Cream Cheese,227 g,"$6.49
 ea.",,$2.86 /100g,,,https://product-images.metro.ca/images/h22/ha9/10053875499038.jpg,https://www.metro.ca/en/online-grocery/search-page-386
GATORADE,"Cool Blue Flavoured Sport Drink Beverage, G Zero",710 mL,"$2.79
 ea.",,$0.39 /100ml,,,,https://www.metro.ca/en/online-grocery/search-page-386
SPONGE TOWELS,"2-Ply Paper Towel, Ultra Pro",3 un,"$11.49
 ea.",,$3.83 /un.,,,,https://www.metro.ca/en/online-grocery/search-page-386
GATORADE,"Fruit Punch Flavoured Sport Drink Beverage, G Zero",710 mL,"$2.79
 ea.",,$0.39 /100ml,,,,https://www.metro.ca/en/online-grocery/search-page-386
DOLE,Buffalo Ranch Salad Kit,343 g,"$5.99
 ea.",,$1.75 /100g,,,https://product-images.metro.ca/images/h8a/ha3/11511753244702.jpg,https://www.metro.ca/en/online-grocery/search-page-386
GAIN,"Original Liquid Laundry Detergent, Aroma Boost",64 loads - 2.72 L,"$11.99
 ea.",,$0.44 /100ml,"Regular price
$14.29  ea.","Valid until Feb 7, 2024",,https://www.metro.ca/en/online-grocery/search-page-386
TIDE,"Refreshing Breeze Scented Liquid Laundry Detergent, ...",3.4 L,"$13.29
 ea.",,$0.39 /100ml,,,,https://www.metro.ca/en/online-grocery/search-page-386
TIDE,"Daybreak Fresh Scented Liquid Laundry Detergent, Sim...",3.4 L,"$13.29
 ea.",,$0.39 /100ml,,,,https://www.metro.ca/en/online-grocery/search-page-386
JANES,Alexander Keith'S Beer-Battered Haddock Fillets,530 g,"$22.99
 ea.",,$4.34 /100g,,,https://product-images.metro.ca/images/hb4/hd9/10278236618782.jpg,https://www.metro.ca/en/online-grocery/search-page-386
GAIN,"Original Laundry Detergent, Aroma Boost",64 loads,"$11.99
 ea.",,$0.44 /100ml,"Regular price
$14.29  ea.","Valid until Feb 7, 2024",,https://www.metro.ca/en/online-grocery/search-page-386
DOLE,BBQ & Bacon Salad Kit,346 g,"$5.99
 ea.",,$1.73 /100g,,,https://product-images.metro.ca/images/h6e/hb7/10498213969950.jpg,https://www.metro.ca/en/online-grocery/search-page-387
DOLE,"Fiesta Lime Salad Kit, Chop Chop",303 g,"$5.99
 ea.",,$1.98 /100g,,,,https://www.metro.ca/en/online-grocery/search-page-387
DAWN,"Original Scented Dish Soap, Ultra",473 mL,"$12.99
 ea.",,$0.49 /100ml,,,,https://www.metro.ca/en/online-grocery/search-page-387
CASHMERE,"3ply Bathroom Tissue, Ultra",8 un,"$11.99
 ea.",,$1.50 /un.,,,,https://www.metro.ca/en/online-grocery/search-page-387
CASHMERE,"2-Ply Bathroom Tissue, UltraLuxe",8 un,"$11.99
 ea.",,$1.50 /un.,,,,https://www.metro.ca/en/online-grocery/search-page-387
GATORADE,"Sport Drink Beverage Variety Pack, G Zero",24x591 mL,"$19.99
 ea.",,$0.14 /100ml,,,,https://www.metro.ca/en/online-grocery/search-page-387
DOLE,Double Dill Salad Kit,340 g,"$5.99
 ea.",,$1.76 /100g,,,https://product-images.metro.ca/images/h11/h7f/10841642401822.jpg,https://www.metro.ca/en/online-grocery/search-page-387
BOUNCE,"Fresh Scented Mega Dryer Sheets, Pet Hair And Lint G...",120 un,"$13.99
 ea.",,$0.12 /un.,,,,https://www.metro.ca/en/online-grocery/search-page-387
BOUNCE,"Outdoor Fresh™ Scented Softener Sheets, Wrinkle Guard",120 un,"$13.99
 ea.",,$0.12 /un.,,,,https://www.metro.ca/en/online-grocery/search-page-387
IRRESISTIBLES,Frozen Large Pacific White Shrimps With Korean Style...,312 g,"$10.00
 ea.",,$3.21 /100g,"Regular price
$11.99  ea.","Valid until Jan 17, 2024",,https://www.metro.ca/en/online-grocery/search-page-387
BOOST,Lactose Free Chocolate Flavoured Nutritional Supplem...,2x325 mL,"$14.99
 ea.",,$1.15 /100ml,"Regular price
$17.99  ea.","Valid until Feb 7, 2024",,https://www.metro.ca/en/online-grocery/search-page-387
BOOST,Lactose Free Vanilla Flavoured Nutritional Supplemen...,2x325 mL,"$14.99
 ea.",,$1.15 /100ml,"Regular price
$17.99  ea.","Valid until Feb 7, 2024",,https://www.metro.ca/en/online-grocery/search-page-387
SILK,Cherry Flavoured Plant-Based Probiotics Yogurts,4x95 g,"$6.49
 ea.",,$1.71 /100g,,,https://product-images.metro.ca/images/h63/h6b/11522019721246.jpg,https://www.metro.ca/en/online-grocery/search-page-387
SILK,Vanilla Flavoured Plant-Based Probiotics Yogurts,4x95 g,"$6.49
 ea.",,$1.71 /100g,,,https://product-images.metro.ca/images/h83/hef/11522018050078.jpg,https://www.metro.ca/en/online-grocery/search-page-387
,Frozen Coho Salmon Fillet,1 per tray,"$31.72
 avg. ea.","(1,200 g avg.)",$26.43 /kg$11.99 /lb.,"Regular price
$33.05  avg. kg","Valid until Jan 10, 2024",https://product-images.metro.ca/images/h1a/h85/12156438380574.jpg,https://www.metro.ca/en/online-grocery/search-page-387
SCOTTIES,"3-Ply White Facial Tissue, Supreme",6 un,"$9.99
 ea.",,$1.67 /un.,,,,https://www.metro.ca/en/online-grocery/search-page-387
DOLE,Chopped Chophouse Crunch Salade Kit,286 g,"$5.99
 ea.",,$2.09 /100g,,,https://product-images.metro.ca/images/h73/h4d/12175740567582.jpg,https://www.metro.ca/en/online-grocery/search-page-387
DOLE,Chopped Taco Chopped Salade Kit,270 g,"$5.99
 ea.",,$2.22 /100g,,,https://product-images.metro.ca/images/h78/h10/12175740174366.jpg,https://www.metro.ca/en/online-grocery/search-page-387
HIGH LINER,Fish Burgers,515 g,"$8.99
 ea.",,$1.75 /100g,"Regular price
$12.99  ea.","Valid until Jan 17, 2024",https://product-images.metro.ca/images/h26/h9c/10778699857950.jpg,https://www.metro.ca/en/online-grocery/search-page-387
NESTLÉ,"Frozen Dessert, Caramilk",1.5 L,"$5.99
 ea.",,$0.40 /100ml,"Regular price
$7.99  ea.","Valid until Jan 24, 2024",,https://www.metro.ca/en/online-grocery/search-page-387
SELECTION,"Medium Roast K-Cup Coffee Pods, Original Blend",100 un,"$29.99
 ea.",,$0.30 /un.,,,,https://www.metro.ca/en/online-grocery/search-page-387
HIGH LINER,Frozen Herb And Garlic Haddock Bite,600 g,"$9.99
 ea.",,$1.67 /100g,"Regular price
$12.99  ea.","Valid until Jan 17, 2024",https://product-images.metro.ca/images/hb6/h2f/11205065277470.jpg,https://www.metro.ca/en/online-grocery/search-page-387
HIGH LINER,Frozen Original Haddock Bite,600 g,"$9.99
 ea.",,$1.67 /100g,"Regular price
$12.99  ea.","Valid until Jan 17, 2024",https://product-images.metro.ca/images/hb9/h20/11590738837534.jpg,https://www.metro.ca/en/online-grocery/search-page-387
METROGO!,Baby Carrots And Celery Sticks,325 g,"$3.99
 ea.",,$1.23 /100g,,,https://product-images.metro.ca/images/h6e/hbc/11122446073886.jpg,https://www.metro.ca/en/online-grocery/search-page-387
DAINTY,Organic Gluten Free Jasmine Rice,460 g,"$4.49
 ea.",,$0.98 /100g,"Regular price
$5.49  ea.","Valid until Jan 24, 2024",https://product-images.metro.ca/images/hb6/h6b/10715457257502.jpg,https://www.metro.ca/en/online-grocery/search-page-387
DAINTY,Organic Gluten Free Basmati Rice,430 g,"$4.49
 ea.",,$1.04 /100g,"Regular price
$5.49  ea.","Valid until Jan 24, 2024",https://product-images.metro.ca/images/hf1/h65/12122248314910.jpg,https://www.metro.ca/en/online-grocery/search-page-387
SELECTION,Apple And Grape Juice,8x200 mL,"2 / 
$6.50",,$0.20 /100ml,"Regular price
$3.69  ea.","Valid until Jan 24, 2024",https://product-images.metro.ca/images/h60/haa/10300163719198.jpg,https://www.metro.ca/en/online-grocery/search-page-387
SELECTION,Berry Splash Cocktail,8x200 mL,"2 / 
$6.50",,$0.20 /100ml,"Regular price
$3.49  ea.","Valid until Jan 24, 2024",https://product-images.metro.ca/images/hb7/h73/10308086988830.jpg,https://www.metro.ca/en/online-grocery/search-page-387
SELECTION,Apple Juice,8x200 mL,"2 / 
$6.50",,$0.20 /100ml,"Regular price
$3.69  ea.","Valid until Jan 24, 2024",https://product-images.metro.ca/images/h11/hd7/10300164276254.jpg,https://www.metro.ca/en/online-grocery/search-page-387
SELECTION,Grape Flavoured Cocktail,8x200 mL,"2 / 
$6.50",,$0.20 /100ml,"Regular price
$3.49  ea.","Valid until Jan 24, 2024",https://product-images.metro.ca/images/h19/h06/10308099702814.jpg,https://www.metro.ca/en/online-grocery/search-page-387
SELECTION,"Fruit Punch Juice Boxes, Cocktail",8x200 mL,"2 / 
$6.50",,$0.20 /100ml,"Regular price
$3.49  ea.","Valid until Jan 24, 2024",,https://www.metro.ca/en/online-grocery/search-page-388
SELECTION,Peach Cocktail,8x200 mL,"2 / 
$6.50",,$0.20 /100ml,"Regular price
$3.49  ea.","Valid until Jan 24, 2024",https://product-images.metro.ca/images/h53/h4b/10845214998558.jpg,https://www.metro.ca/en/online-grocery/search-page-388
RYVITA,"Onion Flatbreads, Thins",125 g,"$4.19
 ea.",,$3.35 /100g,"Regular price
$4.99  ea.","Valid until Jan 24, 2024",,https://www.metro.ca/en/online-grocery/search-page-388
RYVITA,"3 Cheese Flatbreads, Thins",125 g,"$4.19
 ea.",,$3.35 /100g,"Regular price
$4.99  ea.","Valid until Jan 24, 2024",,https://www.metro.ca/en/online-grocery/search-page-388
MR. CLEAN,Multi Surface Cleaner,1.33 L,"$5.99
 ea.",,$0.45 /100ml,,,https://product-images.metro.ca/images/h3e/h0f/10184156413982.jpg,https://www.metro.ca/en/online-grocery/search-page-388
TROPICANA,Orange Juice With Some Pulp,1.54 L,"$5.99
 ea.",,$0.39 /100ml,,,https://product-images.metro.ca/images/hbe/h18/10792069791774.jpg,https://www.metro.ca/en/online-grocery/search-page-388
TROPICANA,Orange Juice With Lots Of Pulp,1.54 L,"$5.99
 ea.",,$0.39 /100ml,,,https://product-images.metro.ca/images/h83/h20/10792070053918.jpg,https://www.metro.ca/en/online-grocery/search-page-388
K POUR KATRINE,Gluten Free Vegan Silky Chocolate Cake,750 g,"$21.99
 ea.",,$2.93 /100g,,,https://product-images.metro.ca/images/hb1/hb5/11541178286110.jpg,https://www.metro.ca/en/online-grocery/search-page-388
TROPICANA,Orange Juice Without Pulp,1.54 L,"$5.99
 ea.",,$0.39 /100ml,,,https://product-images.metro.ca/images/he7/hbb/10792069201950.jpg,https://www.metro.ca/en/online-grocery/search-page-388
RITZ,Fudge Covered Crackers,212 g,"$3.79
 ea.",,$1.79 /100g,"Regular price
$4.79  ea.","Valid until Jan 24, 2024",https://product-images.metro.ca/images/hbf/h09/12191812616222.jpg,https://www.metro.ca/en/online-grocery/search-page-388
MIRABEL,Frisée Lettuce,2 un,"$4.99
 ea.",,$2.50 /un.,,,https://product-images.metro.ca/images/hc6/h02/11374908932126.jpg,https://www.metro.ca/en/online-grocery/search-page-388
SARDO,"Herb And Garlic Marinated Mussels, Premium Select",250 ml,"$5.99
 ea.",,$2.40 /100ml,,,,https://www.metro.ca/en/online-grocery/search-page-388
SELECTION,Unscented Clumping Cat Litter,18 kg,"$10.49
 ea.",,$0.06 /100g,,,https://product-images.metro.ca/images/h20/hb0/10822935150622.jpg,https://www.metro.ca/en/online-grocery/search-page-388
FRESHPET,"Turkey Bacon Dog Treats, Dog Joy",85 g,"$7.49
 ea.",,$8.81 /100g,,,,https://www.metro.ca/en/online-grocery/search-page-388
TROPICANA,Red Grapefruit Juice,1.54 L,"$5.99
 ea.",,$0.39 /100ml,,,https://product-images.metro.ca/images/h9f/hc5/9516299223070.jpg,https://www.metro.ca/en/online-grocery/search-page-388
MCCAIN,"Frozen 3-Meat Pizza Pockets, Meat Lovers",600 g,"$7.79
 ea.",,$1.30 /100g,"Regular price
$8.99  ea.","Valid until Feb 14, 2024",,https://www.metro.ca/en/online-grocery/search-page-388
PEPPERIDGE FARM,"Cheddar Flavoured Baked Crackers, Goldfish",750 g,"$10.49
 ea.",,$1.40 /100g,,,,https://www.metro.ca/en/online-grocery/search-page-388
DEL MONTE,Guava Nectar,960 mL,"$2.39
 ea.",,$0.25 /100ml,,,https://product-images.metro.ca/images/h0a/h50/10967820435486.jpg,https://www.metro.ca/en/online-grocery/search-page-388
KNORR,"Beef Bouillon Cubes, Selects",66 g,"$5.99
 ea.",,$9.08 /100g,,,,https://www.metro.ca/en/online-grocery/search-page-388
KNORR,"Chicken Broth Cubes, Selects",66 g,"$5.99
 ea.",,$9.08 /100g,,,,https://www.metro.ca/en/online-grocery/search-page-388
BLUE DRAGON,Peanut Satay Sauce,270 mL,"$4.99
 ea.",,$1.85 /100ml,"Regular price
$6.29  ea.","Valid until Jan 24, 2024",https://product-images.metro.ca/images/h4a/he1/9531491024926.jpg,https://www.metro.ca/en/online-grocery/search-page-388
,Case Of Fresh Figs,1 un,"$12.99
 ea.",,$12.99 /un.,,,https://product-images.metro.ca/images/h65/h6a/11521193836574.jpg,https://www.metro.ca/en/online-grocery/search-page-388
THE SAUSAGE GUYS,Octoberfest Sausage,325 g,"$7.99
 ea.",,$2.46 /100g,,"Valid until Jan 17, 2024",https://product-images.metro.ca/images/hfe/h78/10152914845726.jpg,https://www.metro.ca/en/online-grocery/search-page-388
THE LAUGHING COW,Original Cheese Dippers® With Whole Grain Breadsticks,140 g,"$3.79
 ea.",,$2.71 /100g,"Regular price
$5.29  ea.","Valid until Jan 10, 2024",https://product-images.metro.ca/images/h17/h2f/11761605640222.jpg,https://www.metro.ca/en/online-grocery/search-page-388
LITTLE NORTHERN BAKEHOUSE,Sliced Gluten Free White Bread,567 g,"$7.29
 ea.",,$1.29 /100g,"Regular price
$8.79  ea.","Valid until Feb 14, 2024",https://product-images.metro.ca/images/h44/h0d/12122247659550.jpg,https://www.metro.ca/en/online-grocery/search-page-388
HÄAGEN-DAZS,"Strawberry Cheesecake Flavoured Ice Cream Bars, Exträaz",3x72 mL,"$4.99
 ea.",,$2.31 /100ml,"Regular price
$6.69  ea.","Valid until Jan 24, 2024",,https://www.metro.ca/en/online-grocery/search-page-388
DARE,"Chocolate Coated Shortbread Cookies, Normandie",280 g,"$1.99
 ea.",,$0.71 /100g,"Regular price
$4.49  ea.","Valid until Jan 10, 2024",,https://www.metro.ca/en/online-grocery/search-page-388
ROLD GOLD,Pretzels Sticks,370 g,"2 / 
$7.50",,$1.01 /100g,"Regular price
$4.99  ea.","Valid until Jan 10, 2024",https://product-images.metro.ca/images/h94/h9a/11064050614302.jpg,https://www.metro.ca/en/online-grocery/search-page-388
ROLD GOLD,Thins Pretzels Snack,370 g,"2 / 
$7.50",,$1.01 /100g,"Regular price
$4.99  ea.","Valid until Jan 10, 2024",https://product-images.metro.ca/images/hda/h78/10547162775582.jpg,https://www.metro.ca/en/online-grocery/search-page-388
TOSTITOS,"Tortilla Chips, Rounds",480 g,"$5.99
 ea.",,$1.25 /100g,,,,https://www.metro.ca/en/online-grocery/search-page-388
DORITOS,"Cheese Flavoured Tortilla Chips, Jalaneño And Cheddar",235 g,"2 / 
$8.50",,or $4.99 ea. $1.81 /100g,,"Valid until Jan 24, 2024",,https://www.metro.ca/en/online-grocery/search-page-389
FRITOS,Barbecue Flavoured Corn Chips,340 g,"2 / 
$7.50",,$1.10 /100g,"Regular price
$4.99  ea.","Valid until Jan 10, 2024",https://product-images.metro.ca/images/hed/hc5/11685176246302.jpg,https://www.metro.ca/en/online-grocery/search-page-389
DEL MONTE,Strawberry Frozen Fruit Bars,10x50 mL,"$5.99
 ea.",,$1.20 /100ml,"Regular price
$8.79  ea.","Valid until Jan 24, 2024",https://product-images.metro.ca/images/h9c/h07/9858358345758.jpg,https://www.metro.ca/en/online-grocery/search-page-389
LAY'S,Mix Chips Variety Pack,484 g,"$10.99
 ea.",,$2.27 /100g,,,https://product-images.metro.ca/images/h53/h14/12066557591582.jpg,https://www.metro.ca/en/online-grocery/search-page-389
LAY'S,Mix Chips Variety Pack,504 g,"$10.99
 ea.",,$2.18 /100g,,,https://product-images.metro.ca/images/h2f/h6f/12066555822110.jpg,https://www.metro.ca/en/online-grocery/search-page-389
POPCORNERS,Sea Salt Popped-Corn Chips,142 g,"$4.49
 ea.",,$3.16 /100g,"Regular price
$4.99  ea.","Valid until Jan 10, 2024",https://product-images.metro.ca/images/h66/hc6/10509847887902.jpg,https://www.metro.ca/en/online-grocery/search-page-389
P'TIT QUÉBEC,Shredded Mozzarella Cheese,907 g,"$15.49
 ea.",,$1.71 /100g,,,https://product-images.metro.ca/images/h77/h42/9928040382494.jpg,https://www.metro.ca/en/online-grocery/search-page-389
PAQUITO,Raspberry Syrup,750 mL,"$8.49
 ea.",,$1.13 /100ml,,,https://product-images.metro.ca/images/hc8/h6e/10246327042078.jpg,https://www.metro.ca/en/online-grocery/search-page-389
SELECTION,Shredded White Old Cheddar Cheese,320 g,"$5.99
 ea.",,$1.87 /100g,"Regular price
$7.49  ea.","Valid until Feb 14, 2024",https://product-images.metro.ca/images/hbd/hfa/10200609849374.jpg,https://www.metro.ca/en/online-grocery/search-page-389
BALDERSON,Old White Cheddar,170 g,"$8.00
 ea.",,$4.71 /100g,"Regular price
$8.99  ea.","Valid until Jan 10, 2024",https://product-images.metro.ca/images/hc4/h88/11064213798942.jpg,https://www.metro.ca/en/online-grocery/search-page-389
PREMIÈRE MOISSON,Duck Rillettes,200 g,"$12.99
 ea.",,$6.50 /100g,,,https://product-images.metro.ca/images/hcc/h6d/11025182556190.jpg,https://www.metro.ca/en/online-grocery/search-page-389
JULIE SNYDER,Cilantro Lime Tofu Spread,225 g,"$6.49
 ea.",,$2.88 /100g,"Regular price
$6.79  ea.","Valid until Jan 17, 2024",https://product-images.metro.ca/images/h43/h44/10710695247902.jpg,https://www.metro.ca/en/online-grocery/search-page-389
LESTERS,All Beef Salami,375 g,"$7.99
 ea.",,$2.13 /100g,,,https://product-images.metro.ca/images/h7d/h54/10695841579038.jpg,https://www.metro.ca/en/online-grocery/search-page-389
BABYBEL,Plant-Based Cheese,100 g,"$3.79
 ea.",,$3.79 /100g,"Regular price
$4.99  ea.","Valid until Jan 10, 2024",https://product-images.metro.ca/images/hbc/h86/10939171667998.jpg,https://www.metro.ca/en/online-grocery/search-page-389
LIFE SMART,Reduced Salt Chicken Broth,900 mL,"$2.00
 ea.",,$0.22 /100ml,"Regular price
$2.29  ea.","Valid until Jan 24, 2024",https://product-images.metro.ca/images/hd3/h5d/12175323168798.jpg,https://www.metro.ca/en/online-grocery/search-page-389
LIFE SMART,Chicken Broth,900 mL,"$2.00
 ea.",,$0.22 /100ml,"Regular price
$2.29  ea.","Valid until Jan 24, 2024",https://product-images.metro.ca/images/h61/he3/11521961099294.jpg,https://www.metro.ca/en/online-grocery/search-page-389
IRRESISTIBLES,2% Plain Skyr Yogurt,750 g,"$5.89
 ea.",,$0.79 /100g,,,https://product-images.metro.ca/images/hd9/h59/11521907851294.jpg,https://www.metro.ca/en/online-grocery/search-page-389
IRRESISTIBLES,2% Plain Greek Yogurt,750 g,"$5.89
 ea.",,$0.79 /100g,,,https://product-images.metro.ca/images/h74/h88/12175333589022.jpg,https://www.metro.ca/en/online-grocery/search-page-389
IRRESISTIBLES,2 % Lime Greek Yogurt,4x100 g,"$2.99
 ea.",,$0.75 /100g,"Regular price
$4.19  ea.","Valid until Jan 10, 2024",https://product-images.metro.ca/images/hc4/h24/12175331459102.jpg,https://www.metro.ca/en/online-grocery/search-page-389
SELECTION,"3-Ply Bathroom Tissue, Ultra Soft",18 un,"$13.49
 ea.",,$0.75 /un.,,,,https://www.metro.ca/en/online-grocery/search-page-389
,Kiwi,2 lb,"$7.99
 ea.",,$0.88 /100g,,,https://product-images.metro.ca/images/he1/hc1/11522097938462.jpg,https://www.metro.ca/en/online-grocery/search-page-389
CHAVROUX,Pasteurised Goat'S Milk Soft Cheese,150 g,"$8.00
 ea.",,$5.33 /100g,,,https://product-images.metro.ca/images/h1a/hea/11439597420574.jpg,https://www.metro.ca/en/online-grocery/search-page-389
QUAKER,Apples And Cinnamon Flavoured Instant Oatmeal,264 g,"$3.49
 ea.",,$1.32 /100g,"Regular price
$4.99  ea.","Valid until Feb 7, 2024",https://product-images.metro.ca/images/h46/hc3/11459649667102.jpg,https://www.metro.ca/en/online-grocery/search-page-389
CLUB HOUSE,"Vegetable Spice Seasoning, La Grille",148 g,"$6.49
 ea.",,$4.39 /100g,,,,https://www.metro.ca/en/online-grocery/search-page-389
CLUB HOUSE,"Southern-Style BBQ Spices, La Grille",125 g,"$6.49
 ea.",,$5.19 /100g,,,,https://www.metro.ca/en/online-grocery/search-page-389
SWIFFER,"16 Dusters, Dusters",16 un,"$19.99
 ea.",,$1.25 /un.,,,,https://www.metro.ca/en/online-grocery/search-page-389
SELECTION,Prepared Yellow Mustard,400 mL,"$1.79
 ea.",,$0.45 /100ml,"Regular price
$2.29  ea.","Valid until Jan 24, 2024",https://product-images.metro.ca/images/h80/hcd/9249623113758.jpg,https://www.metro.ca/en/online-grocery/search-page-389
COOKIE IT UP,"Salted Butterscotch Flavoured Shortbread Cookies, Sh...",140 g,"$5.49
 ea.",,$3.92 /100g,,,,https://www.metro.ca/en/online-grocery/search-page-389
COOKIE IT UP,White Chocolate And Cranberry Flavoured Shorts Cookies,140 g,"$5.49
 ea.",,$3.92 /100g,,,https://product-images.metro.ca/images/h07/hdd/9255018266654.jpg,https://www.metro.ca/en/online-grocery/search-page-389
COOKIE IT UP,Double Chocolate Flavoured Shorts Cookies,140 g,"$5.49
 ea.",,$3.92 /100g,,,https://product-images.metro.ca/images/h4b/ha6/9254557155358.jpg,https://www.metro.ca/en/online-grocery/search-page-389
METROGO!,"Vegetable Mix With Aioli Seasoning, Le Plein Air",1 tray,"$6.99
 ea.",,$1.64 /100g,,,,https://www.metro.ca/en/online-grocery/search-page-390
METROGO!,Seasoned Parmesan Asparagus,275 g,"$8.99
 ea.",,$3.27 /100g,,,https://product-images.metro.ca/images/hc1/h39/9365871853598.jpg,https://www.metro.ca/en/online-grocery/search-page-390
METROGO!,Seasoned Zucchinis,350 g,"$3.49
 ea.",,$1.00 /100g,,,https://product-images.metro.ca/images/h60/h96/9365880700958.jpg,https://www.metro.ca/en/online-grocery/search-page-390
METROGO!,Seasoned Asparagus,275 g,"$8.99
 ea.",,$3.27 /100g,,,https://product-images.metro.ca/images/h78/h0f/9365879652382.jpg,https://www.metro.ca/en/online-grocery/search-page-390
METROGO!,Bell Pepper And Zucchini Skewers,2 skewers per tray,"$5.99
 ea.",(350 ea. avg.),$1.71 /100g,,,https://product-images.metro.ca/images/h2e/hdc/11931017936926.jpg,https://www.metro.ca/en/online-grocery/search-page-390
SELECTION,Medium Cheddar Cheese Slices,12 slices,"$6.29
 ea.",,$2.73 /100g,,,https://product-images.metro.ca/images/h03/h80/10541435846686.jpg,https://www.metro.ca/en/online-grocery/search-page-390
SELECTION,Mild Marble Cheddar Cheese Slices,12 slices,"$6.29
 ea.",,$2.73 /100g,,,https://product-images.metro.ca/images/h61/h7f/10367561039902.jpg,https://www.metro.ca/en/online-grocery/search-page-390
SELECTION,Lactose-Free Swiss Cheese Slices,11 slices,"$6.29
 ea.",,$3.00 /100g,,,https://product-images.metro.ca/images/hdc/h84/10367559434270.jpg,https://www.metro.ca/en/online-grocery/search-page-390
,"Boneless Pork Sirloin Slices, Value Pack",4 slices per tray,"$10.57
 avg. ea.",(800 g avg.),$13.21 /kg$5.99 /lb.,,,https://product-images.metro.ca/images/ha1/h0d/9249743503390.jpg,https://www.metro.ca/en/online-grocery/search-page-390
METROGO!,Marinated Boneless Pork Sirloin Slices,2 slices per tray,"$4.62
 avg. ea.",(300 g avg.),$15.41 /kg$6.99 /lb.,,,https://product-images.metro.ca/images/hc3/h36/9249699069982.jpg,https://www.metro.ca/en/online-grocery/search-page-390
HEINZ,Yellow Mustard,380 mL,"$2.49
 ea.",,$0.66 /100ml,"Regular price
$3.29  ea.","Valid until Jan 24, 2024",https://product-images.metro.ca/images/h25/h43/11521143603230.jpg,https://www.metro.ca/en/online-grocery/search-page-390
,Boneless BBQ Pork Chops,6 chops per tray,"$20.96
 avg. ea.","(1,400 g avg.)",$14.97 /kg$6.79 /lb.,,,https://product-images.metro.ca/images/ha6/hf5/9249877229598.jpg,https://www.metro.ca/en/online-grocery/search-page-390
LIBERTÉ,"2% Plain Yogurt, Classique",650 g,"$5.29
 ea.",,$0.81 /100g,,,,https://www.metro.ca/en/online-grocery/search-page-390
LIBERTÉ,"2.9% Vanilla Flavoured Yogurt, Classique",650 g,"$5.29
 ea.",,$0.81 /100g,,,,https://www.metro.ca/en/online-grocery/search-page-390
LIBERTÉ,"2.9% Maple Flavoured Yogurt, Classique",650 g,"$5.29
 ea.",,$0.81 /100g,,,,https://www.metro.ca/en/online-grocery/search-page-390
FOLGERS,"Midnight Gold™ Ground Coffee, 1850",340 g,"$5.50
 ea.",,$1.62 /100g,"Regular price
$10.99  ea.","Valid until Jun 20, 2024",,https://www.metro.ca/en/online-grocery/search-page-390
FOLGERS,"Pioneer Blend™ Ground Coffee, 1850",340 g,"$10.99
 ea.",,$3.23 /100g,,,,https://www.metro.ca/en/online-grocery/search-page-390
LIBERTÉ,"2.9% Raspberry Flavoured Yogurt, Classique",650 g,"$5.29
 ea.",,$0.81 /100g,,,,https://www.metro.ca/en/online-grocery/search-page-390
UNIBROUE,"Belgian-Style White Beer, Blanche De Chambly",473 mL - can,"$3.49
 ea.",,$0.74 /100ml,,,,https://www.metro.ca/en/online-grocery/search-page-390
LIBERTÉ,"2.9% Strawberry Flavoured Yogurt, Classique",650 g,"$5.29
 ea.",,$0.81 /100g,,,,https://www.metro.ca/en/online-grocery/search-page-390
LIBERTÉ,"2.9% Lemon Flavoured Yogurt, Classique",650 g,"$5.29
 ea.",,$0.81 /100g,,,,https://www.metro.ca/en/online-grocery/search-page-390
GURU,Organic Lite Energy Drink,4x355 mL,"$11.79
 ea.",,$0.83 /100ml,,"Valid until Jan 24, 2024",https://product-images.metro.ca/images/h23/hb2/9554594824222.jpg,https://www.metro.ca/en/online-grocery/search-page-390
KELLOGG'S,"Family Size Chocolate Cereal, Krave",525 g,"$8.79
 ea.",,$1.67 /100g,,,,https://www.metro.ca/en/online-grocery/search-page-390
BLACK DIAMOND,"Old Cheddar Cheese With Cashews And Cranberries, Combo",3x43 g,"$6.49
 ea.",,$5.03 /100g,,,,https://www.metro.ca/en/online-grocery/search-page-390
BLACK DIAMOND,"Marble Cheddar Cheese With Almonds And Cranberries, ...",3x43 g,"$6.49
 ea.",,$5.03 /100g,,,,https://www.metro.ca/en/online-grocery/search-page-390
IRRESISTIBLES,"Frozen Double Pepperoni Thin Crust Pizza, Gusto Ital...",365 g,"$5.49
 ea.",,$1.50 /100g,,,,https://www.metro.ca/en/online-grocery/search-page-390
NESTLÉ,"Hot Chocolate Mix, Carnation",400 g,"$5.99
 ea.",,$1.50 /100g,"Regular price
$6.99  ea.","Valid until Feb 7, 2024",,https://www.metro.ca/en/online-grocery/search-page-390
IÖGO,2.5% Strawberry Peach Vanilla And Raspberry Lemon Va...,16x95 g,"$8.79
 ea.",,$0.58 /100g,,,,https://www.metro.ca/en/online-grocery/search-page-390
BLACK DIAMOND,Old Cheddar Cheese,400 g,"$6.99
 ea.",,$1.75 /100g,"Regular price
$7.49  ea.","Valid until Feb 14, 2024",https://product-images.metro.ca/images/hdf/h6f/12174984904734.jpg,https://www.metro.ca/en/online-grocery/search-page-390
BLACK DIAMOND,Old White Cheddar Cheese,400 g,"$6.99
 ea.",,$1.75 /100g,"Regular price
$7.49  ea.","Valid until Feb 14, 2024",https://product-images.metro.ca/images/h1c/h79/10715437334558.jpg,https://www.metro.ca/en/online-grocery/search-page-390
LIFE SMART,Reduced Salt Mixed Nuts,200 g,"$5.99
 ea.",,$3.00 /100g,"Regular price
$6.49  ea.","Valid until Jan 24, 2024",https://product-images.metro.ca/images/h1e/h49/9751219306526.jpg,https://www.metro.ca/en/online-grocery/search-page-391
,Garlic,3 un,"$1.69
 ea.",,$0.56 /un.,,,https://product-images.metro.ca/images/h87/h3b/10444573966366.jpg,https://www.metro.ca/en/online-grocery/search-page-391
MCCAIN,"Frozen Lightly Battered Straight Cut Potato Fries, B...",650 g,"$5.49
 ea.",,$0.84 /100g,"Regular price
$6.79  ea.","Valid until Feb 14, 2024",,https://www.metro.ca/en/online-grocery/search-page-391
DARE,"Rainbow Chip Cookies, Bear Paws",240 g,"$4.69
 ea.",,$1.95 /100g,,,,https://www.metro.ca/en/online-grocery/search-page-391
SELECTION,3-Ply Facial Tissues,6 un,"$8.49
 ea.",,$1.42 /un.,,,https://product-images.metro.ca/images/h15/h31/9773888438302.jpg,https://www.metro.ca/en/online-grocery/search-page-391
LACTANTIA,10% Lactose Free Half And Half Cream,1 L,"$4.99
 ea.",,$0.50 /100ml,"Regular price
$6.29  ea.","Valid until Feb 14, 2024",https://product-images.metro.ca/images/h2d/h09/11354288390174.jpg,https://www.metro.ca/en/online-grocery/search-page-391
MCCAIN,"Frozen Potato Patties, 9 Minute Breakfast",600 g,"$5.49
 ea.",,$0.84 /100g,"Regular price
$6.79  ea.","Valid until Feb 14, 2024",,https://www.metro.ca/en/online-grocery/search-page-391
TIDE,Original Liquid Laundry Detergent,32 loads-1.36 L,"$11.99
 ea.",,$0.88 /100ml,,,https://product-images.metro.ca/images/haa/hd8/11198163091486.jpg,https://www.metro.ca/en/online-grocery/search-page-391
CRACKER BARREL,Shredded Pizza Mozzarella Cheese,320 g,"$9.99
 ea.",,$3.12 /100g,,,https://product-images.metro.ca/images/h3e/hc0/10221816774686.jpg,https://www.metro.ca/en/online-grocery/search-page-391
CRACKER BARREL,Shredded Mild Cheddar Cheese Blend,320 g,"$9.99
 ea.",,$3.12 /100g,,,https://product-images.metro.ca/images/hac/h88/10152923529246.jpg,https://www.metro.ca/en/online-grocery/search-page-391
RED BULL,"Energy Drink, Watermelon",250 mL,"2 / 
$5.50",,$1.10 /100ml,"Regular price
$3.49  ea.","Valid until Jan 24, 2024",https://product-images.metro.ca/images/h48/h65/10020734599198.jpg,https://www.metro.ca/en/online-grocery/search-page-391
CRACKER BARREL,Shredded Tex Mex Cheese Blend,320 g,"$9.99
 ea.",,$3.12 /100g,,,https://product-images.metro.ca/images/h5e/h5f/10152925921310.jpg,https://www.metro.ca/en/online-grocery/search-page-391
CRACKER BARREL,Shredded Pizza Cheddar And Mozzarella Cheese,320 g,"$9.99
 ea.",,$3.12 /100g,,,https://product-images.metro.ca/images/h42/h20/10020699668510.jpg,https://www.metro.ca/en/online-grocery/search-page-391
RED BULL,Watermelon Flavoured Energy Drink,355 mL,"$3.99
 ea.",,$1.12 /100ml,,,https://product-images.metro.ca/images/he0/h5e/11481668648990.jpg,https://www.metro.ca/en/online-grocery/search-page-391
QUAKER,Maple And Brown Sugar Flavoured Lightly Sweetened In...,344 g,"$3.49
 ea.",,$1.01 /100g,"Regular price
$4.99  ea.","Valid until Feb 7, 2024",,https://www.metro.ca/en/online-grocery/search-page-391
BEN'S ORIGINAL,"Fine Herb Seasoned Rice With Wild Rice, Fast & Fancy",132 g,"2 / 
$4.00",,$1.52 /100g,"Regular price
$2.49  ea.","Valid until Jan 24, 2024",,https://www.metro.ca/en/online-grocery/search-page-391
CRACKER BARREL,Old Cheddar Cheese Snacks,168 g,"$6.99
 ea.",,$4.16 /100g,,,https://product-images.metro.ca/images/hcd/hd5/10109336879134.jpg,https://www.metro.ca/en/online-grocery/search-page-391
STARBUCKS,Medium Roast Pike Place® K-Cup® Coffee Pods,44 un,"$35.99
 ea.",,$0.82 /un.,,,https://product-images.metro.ca/images/h8a/h03/12266567434270.jpg,https://www.metro.ca/en/online-grocery/search-page-391
GENERAL MILLS,"Cinnamon And Oat Crunch Cereal, Cheerios",516 g,"$8.99
 ea.",,$1.74 /100g,,,,https://www.metro.ca/en/online-grocery/search-page-391
BEN'S ORIGINAL,"Roasted Chicken Flavoured Rice With Wild Rice, Natur...",365 g,"$5.99
 ea.",,$1.64 /100g,,,,https://www.metro.ca/en/online-grocery/search-page-391
GUSTA,"Veggie Ground , Original",340 g,"$4.49
 ea.",,$1.32 /100g,"Regular price
$4.99  ea.","Valid until Jan 17, 2024",,https://www.metro.ca/en/online-grocery/search-page-391
MAXWELL HOUSE,House Blend Coffee Compostable Pods,30 un,"$20.99
 ea.",,$7.19 /100g,,,https://product-images.metro.ca/images/he4/ha8/9987203498014.jpg,https://www.metro.ca/en/online-grocery/search-page-391
MAXWELL HOUSE,Original Roast Coffee Compostable Pods,30 un,"$20.99
 ea.",,$0.70 /un.,,,https://product-images.metro.ca/images/hc7/h1e/9987204055070.jpg,https://www.metro.ca/en/online-grocery/search-page-391
SELECTION,"Large Eggs, Value Pack",30 un,"$9.59
 ea.",,$0.32 /un.,,,,https://www.metro.ca/en/online-grocery/search-page-391
,Asian Pears,2 kg,"$12.99
 ea.",,$0.65 /100g,,,https://www.metro.ca/images/shared/placeholders/icon-no-picture.svg?v=2023.71.1.d1,https://www.metro.ca/en/online-grocery/search-page-391
PLAISIRS GASTRONOMIQUES,Confit Chicken Legs,630 g,"$12.99
 ea.",,$2.06 /100g,,,https://product-images.metro.ca/images/h3c/hf4/11994924580894.jpg,https://www.metro.ca/en/online-grocery/search-page-391
DOLE,"Mixed Fruit In Cherry Flavoured Gel , Gel",4x123 g,"$4.49
 ea.",,$0.91 /100g,,,,https://www.metro.ca/en/online-grocery/search-page-391
IRRESISTIBLES,Frozen Sliced Kiwi,600 g,"3 / 
$12.99",,or $5.99 ea. $0.72 /100g,,"Valid until Feb 14, 2024",https://product-images.metro.ca/images/h58/hab/12051088932894.jpg,https://www.metro.ca/en/online-grocery/search-page-391
IRRESISTIBLES,"White Chocolate, Cranberry And Lemon Cookies",280 g,"$4.49
 ea.",,$1.60 /100g,,,https://product-images.metro.ca/images/hfe/h30/12175802171422.jpg,https://www.metro.ca/en/online-grocery/search-page-391
MATEINA,Organic Mango Key Lime Flavoured Energy Drink,355 mL,"$3.69
 ea.",,$1.04 /100ml,,,https://product-images.metro.ca/images/h3c/h67/12258636234782.jpg,https://www.metro.ca/en/online-grocery/search-page-391
GATORADE,"Sport Drink Beverage Variety Pack, G Zero",24x591 mL,"$19.99
 ea.",,$0.14 /100ml,,,,https://www.metro.ca/en/online-grocery/search-page-392
DOLE,Double Dill Salad Kit,340 g,"$5.99
 ea.",,$1.76 /100g,,,https://product-images.metro.ca/images/h11/h7f/10841642401822.jpg,https://www.metro.ca/en/online-grocery/search-page-392
BOUNCE,"Fresh Scented Mega Dryer Sheets, Pet Hair And Lint G...",120 un,"$13.99
 ea.",,$0.12 /un.,,,,https://www.metro.ca/en/online-grocery/search-page-392
BOUNCE,"Outdoor Fresh™ Scented Softener Sheets, Wrinkle Guard",120 un,"$13.99
 ea.",,$0.12 /un.,,,,https://www.metro.ca/en/online-grocery/search-page-392
IRRESISTIBLES,Frozen Large Pacific White Shrimps With Korean Style...,312 g,"$10.00
 ea.",,$3.21 /100g,"Regular price
$11.99  ea.","Valid until Jan 17, 2024",,https://www.metro.ca/en/online-grocery/search-page-392
BOOST,Lactose Free Chocolate Flavoured Nutritional Supplem...,2x325 mL,"$14.99
 ea.",,$1.15 /100ml,"Regular price
$17.99  ea.","Valid until Feb 7, 2024",,https://www.metro.ca/en/online-grocery/search-page-392
BOOST,Lactose Free Vanilla Flavoured Nutritional Supplemen...,2x325 mL,"$14.99
 ea.",,$1.15 /100ml,"Regular price
$17.99  ea.","Valid until Feb 7, 2024",,https://www.metro.ca/en/online-grocery/search-page-392
SILK,Cherry Flavoured Plant-Based Probiotics Yogurts,4x95 g,"$6.49
 ea.",,$1.71 /100g,,,https://product-images.metro.ca/images/h63/h6b/11522019721246.jpg,https://www.metro.ca/en/online-grocery/search-page-392
SILK,Vanilla Flavoured Plant-Based Probiotics Yogurts,4x95 g,"$6.49
 ea.",,$1.71 /100g,,,https://product-images.metro.ca/images/h83/hef/11522018050078.jpg,https://www.metro.ca/en/online-grocery/search-page-392
,Frozen Coho Salmon Fillet,1 per tray,"$31.72
 avg. ea.","(1,200 g avg.)",$26.43 /kg$11.99 /lb.,"Regular price
$33.05  avg. kg","Valid until Jan 10, 2024",https://product-images.metro.ca/images/h1a/h85/12156438380574.jpg,https://www.metro.ca/en/online-grocery/search-page-392
SCOTTIES,"3-Ply White Facial Tissue, Supreme",6 un,"$9.99
 ea.",,$1.67 /un.,,,,https://www.metro.ca/en/online-grocery/search-page-392
DOLE,Chopped Chophouse Crunch Salade Kit,286 g,"$5.99
 ea.",,$2.09 /100g,,,https://product-images.metro.ca/images/h73/h4d/12175740567582.jpg,https://www.metro.ca/en/online-grocery/search-page-392
DOLE,Chopped Taco Chopped Salade Kit,270 g,"$5.99
 ea.",,$2.22 /100g,,,https://product-images.metro.ca/images/h78/h10/12175740174366.jpg,https://www.metro.ca/en/online-grocery/search-page-392
HIGH LINER,Fish Burgers,515 g,"$8.99
 ea.",,$1.75 /100g,"Regular price
$12.99  ea.","Valid until Jan 17, 2024",https://product-images.metro.ca/images/h26/h9c/10778699857950.jpg,https://www.metro.ca/en/online-grocery/search-page-392
NESTLÉ,"Frozen Dessert, Caramilk",1.5 L,"$5.99
 ea.",,$0.40 /100ml,"Regular price
$7.99  ea.","Valid until Jan 24, 2024",,https://www.metro.ca/en/online-grocery/search-page-392
SELECTION,"Medium Roast K-Cup Coffee Pods, Original Blend",100 un,"$29.99
 ea.",,$0.30 /un.,,,,https://www.metro.ca/en/online-grocery/search-page-392
HIGH LINER,Frozen Herb And Garlic Haddock Bite,600 g,"$9.99
 ea.",,$1.67 /100g,"Regular price
$12.99  ea.","Valid until Jan 17, 2024",https://product-images.metro.ca/images/hb6/h2f/11205065277470.jpg,https://www.metro.ca/en/online-grocery/search-page-392
HIGH LINER,Frozen Original Haddock Bite,600 g,"$9.99
 ea.",,$1.67 /100g,"Regular price
$12.99  ea.","Valid until Jan 17, 2024",https://product-images.metro.ca/images/hb9/h20/11590738837534.jpg,https://www.metro.ca/en/online-grocery/search-page-392
METROGO!,Baby Carrots And Celery Sticks,325 g,"$3.99
 ea.",,$1.23 /100g,,,https://product-images.metro.ca/images/h6e/hbc/11122446073886.jpg,https://www.metro.ca/en/online-grocery/search-page-392
DAINTY,Organic Gluten Free Jasmine Rice,460 g,"$4.49
 ea.",,$0.98 /100g,"Regular price
$5.49  ea.","Valid until Jan 24, 2024",https://product-images.metro.ca/images/hb6/h6b/10715457257502.jpg,https://www.metro.ca/en/online-grocery/search-page-392
DAINTY,Organic Gluten Free Basmati Rice,430 g,"$4.49
 ea.",,$1.04 /100g,"Regular price
$5.49  ea.","Valid until Jan 24, 2024",https://product-images.metro.ca/images/hf1/h65/12122248314910.jpg,https://www.metro.ca/en/online-grocery/search-page-392
SELECTION,Apple And Grape Juice,8x200 mL,"2 / 
$6.50",,$0.20 /100ml,"Regular price
$3.69  ea.","Valid until Jan 24, 2024",https://product-images.metro.ca/images/h60/haa/10300163719198.jpg,https://www.metro.ca/en/online-grocery/search-page-392
SELECTION,Berry Splash Cocktail,8x200 mL,"2 / 
$6.50",,$0.20 /100ml,"Regular price
$3.49  ea.","Valid until Jan 24, 2024",https://product-images.metro.ca/images/hb7/h73/10308086988830.jpg,https://www.metro.ca/en/online-grocery/search-page-392
SELECTION,Apple Juice,8x200 mL,"2 / 
$6.50",,$0.20 /100ml,"Regular price
$3.69  ea.","Valid until Jan 24, 2024",https://product-images.metro.ca/images/h11/hd7/10300164276254.jpg,https://www.metro.ca/en/online-grocery/search-page-392
SELECTION,Grape Flavoured Cocktail,8x200 mL,"2 / 
$6.50",,$0.20 /100ml,"Regular price
$3.49  ea.","Valid until Jan 24, 2024",https://product-images.metro.ca/images/h19/h06/10308099702814.jpg,https://www.metro.ca/en/online-grocery/search-page-392
SELECTION,"Fruit Punch Juice Boxes, Cocktail",8x200 mL,"2 / 
$6.50",,$0.20 /100ml,"Regular price
$3.49  ea.","Valid until Jan 24, 2024",,https://www.metro.ca/en/online-grocery/search-page-392
SELECTION,Peach Cocktail,8x200 mL,"2 / 
$6.50",,$0.20 /100ml,"Regular price
$3.49  ea.","Valid until Jan 24, 2024",https://product-images.metro.ca/images/h53/h4b/10845214998558.jpg,https://www.metro.ca/en/online-grocery/search-page-392
RYVITA,"Onion Flatbreads, Thins",125 g,"$4.19
 ea.",,$3.35 /100g,"Regular price
$4.99  ea.","Valid until Jan 24, 2024",,https://www.metro.ca/en/online-grocery/search-page-392
RYVITA,"3 Cheese Flatbreads, Thins",125 g,"$4.19
 ea.",,$3.35 /100g,"Regular price
$4.99  ea.","Valid until Jan 24, 2024",,https://www.metro.ca/en/online-grocery/search-page-392
MR. CLEAN,Multi Surface Cleaner,1.33 L,"$5.99
 ea.",,$0.45 /100ml,,,https://product-images.metro.ca/images/h3e/h0f/10184156413982.jpg,https://www.metro.ca/en/online-grocery/search-page-392
KNORR,"Beef Bouillon Cubes, Selects",66 g,"$5.99
 ea.",,$9.08 /100g,,,,https://www.metro.ca/en/online-grocery/search-page-393
KNORR,"Chicken Broth Cubes, Selects",66 g,"$5.99
 ea.",,$9.08 /100g,,,,https://www.metro.ca/en/online-grocery/search-page-393
BLUE DRAGON,Peanut Satay Sauce,270 mL,"$4.99
 ea.",,$1.85 /100ml,"Regular price
$6.29  ea.","Valid until Jan 24, 2024",https://product-images.metro.ca/images/h4a/he1/9531491024926.jpg,https://www.metro.ca/en/online-grocery/search-page-393
,Case Of Fresh Figs,1 un,"$12.99
 ea.",,$12.99 /un.,,,https://product-images.metro.ca/images/h65/h6a/11521193836574.jpg,https://www.metro.ca/en/online-grocery/search-page-393
THE SAUSAGE GUYS,Octoberfest Sausage,325 g,"$7.99
 ea.",,$2.46 /100g,,"Valid until Jan 17, 2024",https://product-images.metro.ca/images/hfe/h78/10152914845726.jpg,https://www.metro.ca/en/online-grocery/search-page-393
THE LAUGHING COW,Original Cheese Dippers® With Whole Grain Breadsticks,140 g,"$3.79
 ea.",,$2.71 /100g,"Regular price
$5.29  ea.","Valid until Jan 10, 2024",https://product-images.metro.ca/images/h17/h2f/11761605640222.jpg,https://www.metro.ca/en/online-grocery/search-page-393
LITTLE NORTHERN BAKEHOUSE,Sliced Gluten Free White Bread,567 g,"$7.29
 ea.",,$1.29 /100g,"Regular price
$8.79  ea.","Valid until Feb 14, 2024",https://product-images.metro.ca/images/h44/h0d/12122247659550.jpg,https://www.metro.ca/en/online-grocery/search-page-393
HÄAGEN-DAZS,"Strawberry Cheesecake Flavoured Ice Cream Bars, Exträaz",3x72 mL,"$4.99
 ea.",,$2.31 /100ml,"Regular price
$6.69  ea.","Valid until Jan 24, 2024",,https://www.metro.ca/en/online-grocery/search-page-393
DARE,"Chocolate Coated Shortbread Cookies, Normandie",280 g,"$1.99
 ea.",,$0.71 /100g,"Regular price
$4.49  ea.","Valid until Jan 10, 2024",,https://www.metro.ca/en/online-grocery/search-page-393
ROLD GOLD,Pretzels Sticks,370 g,"2 / 
$7.50",,$1.01 /100g,"Regular price
$4.99  ea.","Valid until Jan 10, 2024",https://product-images.metro.ca/images/h94/h9a/11064050614302.jpg,https://www.metro.ca/en/online-grocery/search-page-393
ROLD GOLD,Thins Pretzels Snack,370 g,"2 / 
$7.50",,$1.01 /100g,"Regular price
$4.99  ea.","Valid until Jan 10, 2024",https://product-images.metro.ca/images/hda/h78/10547162775582.jpg,https://www.metro.ca/en/online-grocery/search-page-393
TOSTITOS,"Tortilla Chips, Rounds",480 g,"$5.99
 ea.",,$1.25 /100g,,,,https://www.metro.ca/en/online-grocery/search-page-393
DORITOS,"Cheese Flavoured Tortilla Chips, Jalaneño And Cheddar",235 g,"2 / 
$8.50",,or $4.99 ea. $1.81 /100g,,"Valid until Jan 24, 2024",,https://www.metro.ca/en/online-grocery/search-page-393
FRITOS,Barbecue Flavoured Corn Chips,340 g,"2 / 
$7.50",,$1.10 /100g,"Regular price
$4.99  ea.","Valid until Jan 10, 2024",https://product-images.metro.ca/images/hed/hc5/11685176246302.jpg,https://www.metro.ca/en/online-grocery/search-page-393
DEL MONTE,Strawberry Frozen Fruit Bars,10x50 mL,"$5.99
 ea.",,$1.20 /100ml,"Regular price
$8.79  ea.","Valid until Jan 24, 2024",https://product-images.metro.ca/images/h9c/h07/9858358345758.jpg,https://www.metro.ca/en/online-grocery/search-page-393
LAY'S,Mix Chips Variety Pack,484 g,"$10.99
 ea.",,$2.27 /100g,,,https://product-images.metro.ca/images/h53/h14/12066557591582.jpg,https://www.metro.ca/en/online-grocery/search-page-393
LAY'S,Mix Chips Variety Pack,504 g,"$10.99
 ea.",,$2.18 /100g,,,https://product-images.metro.ca/images/h2f/h6f/12066555822110.jpg,https://www.metro.ca/en/online-grocery/search-page-393
POPCORNERS,Sea Salt Popped-Corn Chips,142 g,"$4.49
 ea.",,$3.16 /100g,"Regular price
$4.99  ea.","Valid until Jan 10, 2024",https://product-images.metro.ca/images/h66/hc6/10509847887902.jpg,https://www.metro.ca/en/online-grocery/search-page-393
P'TIT QUÉBEC,Shredded Mozzarella Cheese,907 g,"$15.49
 ea.",,$1.71 /100g,,,https://product-images.metro.ca/images/h77/h42/9928040382494.jpg,https://www.metro.ca/en/online-grocery/search-page-393
PAQUITO,Raspberry Syrup,750 mL,"$8.49
 ea.",,$1.13 /100ml,,,https://product-images.metro.ca/images/hc8/h6e/10246327042078.jpg,https://www.metro.ca/en/online-grocery/search-page-393
SELECTION,Shredded White Old Cheddar Cheese,320 g,"$5.99
 ea.",,$1.87 /100g,"Regular price
$7.49  ea.","Valid until Feb 14, 2024",https://product-images.metro.ca/images/hbd/hfa/10200609849374.jpg,https://www.metro.ca/en/online-grocery/search-page-393
BALDERSON,Old White Cheddar,170 g,"$8.00
 ea.",,$4.71 /100g,"Regular price
$8.99  ea.","Valid until Jan 10, 2024",https://product-images.metro.ca/images/hc4/h88/11064213798942.jpg,https://www.metro.ca/en/online-grocery/search-page-393
PREMIÈRE MOISSON,Duck Rillettes,200 g,"$12.99
 ea.",,$6.50 /100g,,,https://product-images.metro.ca/images/hcc/h6d/11025182556190.jpg,https://www.metro.ca/en/online-grocery/search-page-393
JULIE SNYDER,Cilantro Lime Tofu Spread,225 g,"$6.49
 ea.",,$2.88 /100g,"Regular price
$6.79  ea.","Valid until Jan 17, 2024",https://product-images.metro.ca/images/h43/h44/10710695247902.jpg,https://www.metro.ca/en/online-grocery/search-page-393
LESTERS,All Beef Salami,375 g,"$7.99
 ea.",,$2.13 /100g,,,https://product-images.metro.ca/images/h7d/h54/10695841579038.jpg,https://www.metro.ca/en/online-grocery/search-page-393
BABYBEL,Plant-Based Cheese,100 g,"$3.79
 ea.",,$3.79 /100g,"Regular price
$4.99  ea.","Valid until Jan 10, 2024",https://product-images.metro.ca/images/hbc/h86/10939171667998.jpg,https://www.metro.ca/en/online-grocery/search-page-393
LIFE SMART,Reduced Salt Chicken Broth,900 mL,"$2.00
 ea.",,$0.22 /100ml,"Regular price
$2.29  ea.","Valid until Jan 24, 2024",https://product-images.metro.ca/images/hd3/h5d/12175323168798.jpg,https://www.metro.ca/en/online-grocery/search-page-393
LIFE SMART,Chicken Broth,900 mL,"$2.00
 ea.",,$0.22 /100ml,"Regular price
$2.29  ea.","Valid until Jan 24, 2024",https://product-images.metro.ca/images/h61/he3/11521961099294.jpg,https://www.metro.ca/en/online-grocery/search-page-393
IRRESISTIBLES,2% Plain Skyr Yogurt,750 g,"$5.89
 ea.",,$0.79 /100g,,,https://product-images.metro.ca/images/hd9/h59/11521907851294.jpg,https://www.metro.ca/en/online-grocery/search-page-393
IRRESISTIBLES,2% Plain Greek Yogurt,750 g,"$5.89
 ea.",,$0.79 /100g,,,https://product-images.metro.ca/images/h74/h88/12175333589022.jpg,https://www.metro.ca/en/online-grocery/search-page-393
BOTHWELL,Lactose Free Medium Cheddar Cheese,250 g,"$13.49
 ea.",,$5.40 /100g,,,https://product-images.metro.ca/images/hd8/h20/12175310028830.jpg,https://www.metro.ca/en/online-grocery/search-page-394
IRRESISTIBLES,Orange Juice With Extra Pulp,1.54 L,"$3.99
 ea.",,$0.26 /100ml,"Regular price
$4.39  ea.","Valid until Feb 14, 2024",https://product-images.metro.ca/images/h25/he8/10789070045214.jpg,https://www.metro.ca/en/online-grocery/search-page-394
LESTERS,Sliced Smoked Meat From Montreal,400 g,"$14.99
 ea.",,$3.75 /100g,,,https://product-images.metro.ca/images/hb5/h2a/11117559906334.jpg,https://www.metro.ca/en/online-grocery/search-page-394
O SOLE MIO,Rosée Sauce,300 mL,"$5.99
 ea.",,$2.00 /100ml,,,https://product-images.metro.ca/images/hc4/h10/11090290081822.jpg,https://www.metro.ca/en/online-grocery/search-page-394
IRRESISTIBLES,Fresh Spaghetti,350 g,"$3.99
 ea.",,$1.14 /100g,,,https://product-images.metro.ca/images/h88/hd8/11307227283486.jpg,https://www.metro.ca/en/online-grocery/search-page-394
OASIS,"Peach Beverage, Hydrafruit",960 mL,"$2.39
 ea.",,$0.25 /100ml,,,,https://www.metro.ca/en/online-grocery/search-page-394
OASIS,"Orange Juice With Pulp, Not From Concentrate",1.5 L,"$3.99
 ea.",,$0.27 /100ml,"Regular price
$5.29  ea.","Valid until Jan 10, 2024",https://product-images.metro.ca/images/ha2/h66/11497562308638.jpg,https://www.metro.ca/en/online-grocery/search-page-394
OASIS,"Peach Juice Boxes, Hydrafruit",8x200 mL,"$5.79
 ea.",,$2.90 /100ml,,,,https://www.metro.ca/en/online-grocery/search-page-394
LIFE SMART,Reduced Salt Vegetable Broth,900 mL,"$2.00
 ea.",,$0.22 /100ml,"Regular price
$2.29  ea.","Valid until Jan 24, 2024",https://product-images.metro.ca/images/h67/ha0/12175328083998.jpg,https://www.metro.ca/en/online-grocery/search-page-394
SELECTION,Vanilla Flavoured Ice Cream Sandwiches,18x60 mL,"$6.29
 ea.",,$0.58 /100ml,,,https://product-images.metro.ca/images/h41/hb8/12175560474654.jpg,https://www.metro.ca/en/online-grocery/search-page-394
LIFE SMART,Reduced Salt Beef Broth,900 mL,"$2.00
 ea.",,$0.22 /100ml,"Regular price
$2.29  ea.","Valid until Jan 24, 2024",https://product-images.metro.ca/images/he8/h5f/12175323725854.jpg,https://www.metro.ca/en/online-grocery/search-page-394
LIFE SMART,Beef Broth,900 mL,"$2.00
 ea.",,$0.22 /100ml,"Regular price
$2.29  ea.","Valid until Jan 24, 2024",https://product-images.metro.ca/images/h7a/h5e/11521959919646.jpg,https://www.metro.ca/en/online-grocery/search-page-394
DARE,"Brownie Soft Cookies, Bear Paws",480 g,"$4.49
 ea.",,$0.94 /100g,"Regular price
$7.29  ea.","Valid until Jan 10, 2024",,https://www.metro.ca/en/online-grocery/search-page-394
POPCORNERS,Sweet Chili Flavoured Chips,142 g,"$4.49
 ea.",,$3.16 /100g,"Regular price
$4.99  ea.","Valid until Jan 10, 2024",https://product-images.metro.ca/images/h6e/h0e/12245629403166.jpg,https://www.metro.ca/en/online-grocery/search-page-394
CAMPBELL'S,"Saloon'S Chili Ready To Serve Soup, Chunky",515 mL,"$4.99
 ea.",,$0.97 /100ml,,,,https://www.metro.ca/en/online-grocery/search-page-394
IRRESISTIBLES,Milk Chocolate Coated Almonds,300 g,"$4.49
 ea.",,$1.50 /100g,"Regular price
$4.99  ea.","Valid until Jan 24, 2024",https://product-images.metro.ca/images/h6d/h12/10970366738462.jpg,https://www.metro.ca/en/online-grocery/search-page-394
CAMPBELL'S,"Ready To Serve Clam Soup, Chunky",515 mL,"$4.99
 ea.",,$0.97 /100ml,,,,https://www.metro.ca/en/online-grocery/search-page-394
OLD EL PASO,"Hard Taco Dinner Kit, Extra-Mild",330 g,"$6.99
 ea.",,$2.12 /100g,,,,https://www.metro.ca/en/online-grocery/search-page-394
STARBUCKS,Medium Roast Decaf Pike Place® K-Cup® Coffee Pods,24 un,"$19.99
 ea.",,$6.72 /100g,"Regular price
$25.49  ea.","Valid until Feb 7, 2024",https://product-images.metro.ca/images/h79/h34/12266650828830.jpg,https://www.metro.ca/en/online-grocery/search-page-394
OIKOS,9% Key Lime Flavoured Extra Creamy Greek Yogurt,650 g,"$7.99
 ea.",,$1.23 /100g,,,https://product-images.metro.ca/images/h87/h8e/11522021621790.jpg,https://www.metro.ca/en/online-grocery/search-page-394
LIFE SMART,"Ketchup Flavoured Chips, Naturalia",150 g,"$2.69
 ea.",,$1.79 /100g,"Regular price
$3.19  ea.","Valid until Jan 24, 2024",,https://www.metro.ca/en/online-grocery/search-page-394
PRANA,Organic Gluten Free Brownie Cookies,120 g,"$4.99
 ea.",,$4.16 /100g,,,https://product-images.metro.ca/images/h3d/hb1/11292915630110.jpg,https://www.metro.ca/en/online-grocery/search-page-394
LIBERTÉ,"Pineapple Flavoured 2% Yogurt, Greek",650 g,"$5.97
 ea.",,$0.92 /100g,"Regular price
$8.29  ea.","Valid until Jan 10, 2024",,https://www.metro.ca/en/online-grocery/search-page-394
LIBERTÉ,"Black Cherry And Raspberry Flavoured 2% Yogurt, Greek",650 g,"$5.97
 ea.",,$0.92 /100g,"Regular price
$8.29  ea.","Valid until Jan 10, 2024",,https://www.metro.ca/en/online-grocery/search-page-394
IRRESISTIBLES,100% Pure Orange Juice Without Pulp,1.54 L,"$3.99
 ea.",,$0.26 /100ml,"Regular price
$4.39  ea.","Valid until Feb 14, 2024",https://product-images.metro.ca/images/he1/h0c/10789069422622.jpg,https://www.metro.ca/en/online-grocery/search-page-394
IRRESISTIBLES,Pure Orange Juice With Pulp,1.54 L,"$3.99
 ea.",,$0.26 /100ml,"Regular price
$4.39  ea.","Valid until Feb 14, 2024",https://product-images.metro.ca/images/h1b/h80/10789071749150.jpg,https://www.metro.ca/en/online-grocery/search-page-394
IRRESISTIBLES,2% Vanilla Skyr Yogurt,750 g,"$5.89
 ea.",,$0.79 /100g,,,https://product-images.metro.ca/images/he6/h49/11521905590302.jpg,https://www.metro.ca/en/online-grocery/search-page-394
DI MARTINO,Dolce & Gabbana Eliche Giganti Pasta,500 g,"$5.29
 ea.",,$1.06 /100g,,,https://product-images.metro.ca/images/h14/h22/10530027765790.jpg,https://www.metro.ca/en/online-grocery/search-page-394
IRRESISTIBLES,0% Vanilla Greek Yogurt,750 g,"$5.89
 ea.",,$0.79 /100g,,,https://product-images.metro.ca/images/h2f/hd8/11521907458078.jpg,https://www.metro.ca/en/online-grocery/search-page-394
IRRESISTIBLES,0% Plain Greek Yogurt,750 g,"$5.89
 ea.",,$0.79 /100g,,,https://product-images.metro.ca/images/h8c/h8a/12175335555102.jpg,https://www.metro.ca/en/online-grocery/search-page-394
FRENCH'S,"Honey Chipotle Flavoured Mustard, Creamy",325 mL,"$3.99
 ea.",,$1.23 /100ml,,,,https://www.metro.ca/en/online-grocery/search-page-395
DOSE,Ginger And Turmeric Shot Juice,4x60 mL,"$14.99
 ea.",,$6.25 /100ml,,,https://product-images.metro.ca/images/hc0/h65/11751882391582.jpg,https://www.metro.ca/en/online-grocery/search-page-395
KNORR,"Three Cheese Pasta, Sidekicks",133 g,"3 / 
$7.00",,$1.75 /100g,"Regular price
$2.79  ea.","Valid until Jan 24, 2024",,https://www.metro.ca/en/online-grocery/search-page-395
STARFRIT,Tongs Set,1 un,"$7.29
 ea.",,$7.29 /un.,,,https://www.metro.ca/images/shared/placeholders/icon-no-picture.svg?v=2023.71.1.d1,https://www.metro.ca/en/online-grocery/search-page-395
JOIE,Mushroom Brush,1 un,"$2.99
 ea.",,$2.99 /un.,,,https://product-images.metro.ca/images/h5b/hf9/10265398181918.jpg,https://www.metro.ca/en/online-grocery/search-page-395
CEDAR,Medium Pearl Tapioca,454 g,"$3.99
 ea.",,$0.88 /100g,,,https://product-images.metro.ca/images/h17/h0c/10244858478622.jpg,https://www.metro.ca/en/online-grocery/search-page-395
KRAFT,"Coleslaw Dressing, Calorie-Wise",475 mL,"$4.49
 ea.",,$0.95 /100ml,,,,https://www.metro.ca/en/online-grocery/search-page-395
PAMPERS,"Size 3 Diapers, Baby-Dry",104 un,"$38.49
 ea.",,$0.37 /un.,,,,https://www.metro.ca/en/online-grocery/search-page-395
STARFRIT,Grey Peeler,1 un,"$6.89
 ea.",,$6.89 /un.,,,https://www.metro.ca/images/shared/placeholders/icon-no-picture.svg?v=2023.71.1.d1,https://www.metro.ca/en/online-grocery/search-page-395
LA MAISON DU GIBIER,Frozen Chicken For Fondue,200 g,"$7.99
 ea.",,$4.00 /100g,"Regular price
$8.99  ea.","Valid until Jan 17, 2024",https://www.metro.ca/images/shared/placeholders/icon-no-picture.svg?v=2023.71.1.d1,https://www.metro.ca/en/online-grocery/search-page-395
,Pink Cherry Tomatoes,300 g,"$5.99
 ea.",,$2.00 /100g,,,https://product-images.metro.ca/images/h69/h62/8987234369566.jpg,https://www.metro.ca/en/online-grocery/search-page-395
DION,Ground Rosemary,20 g,"$2.29
 ea.",,$11.45 /100g,"Regular price
$2.79  ea.","Valid until Feb 7, 2024",https://product-images.metro.ca/images/h5f/h23/10246514868254.jpg,https://www.metro.ca/en/online-grocery/search-page-395
CEDAR,Marinated Cucumbers,1 L,"$6.79
 ea.",,$0.68 /100ml,,,https://product-images.metro.ca/images/h19/h63/9719882285086.jpg,https://www.metro.ca/en/online-grocery/search-page-395
PILLSBURY,Pizza Crust,391 g,"$3.99
 ea.",,$1.02 /100g,,,https://www.metro.ca/images/shared/placeholders/icon-no-picture.svg?v=2023.71.1.d1,https://www.metro.ca/en/online-grocery/search-page-395
MICHELOB ULTRA,Light Lager Beer,473 mL - can,"$3.99
 ea.",,$0.84 /100ml,,,https://product-images.metro.ca/images/h99/h3e/10768788062238.jpg,https://www.metro.ca/en/online-grocery/search-page-395
GILLETTE,"Simple 3™ Disposable Razors, Venus Simply3",4 un,"$9.29
 ea.",,$2.32 /un.,,,,https://www.metro.ca/en/online-grocery/search-page-395
NATURE VALLEY,"Oats And Honey Crunchy Granola Cereal, Protein",310 g,"$8.29
 ea.",,$2.67 /100g,,,,https://www.metro.ca/en/online-grocery/search-page-395
MICHEL JODOIN,"White Sparkling Cider, Grand Cidre",750 mL,"$14.99
 ea.",,$2.00 /100ml,,,,https://www.metro.ca/en/online-grocery/search-page-395
KRISPY KERNELS,Smoked Almonds,225 g,"$8.49
 ea.",,$3.77 /100g,,,https://product-images.metro.ca/images/hc1/h4b/11133637001246.jpg,https://www.metro.ca/en/online-grocery/search-page-395
SELECTION,Corn Chips,280 g,"$3.99
 ea.",,$1.42 /100g,,,https://product-images.metro.ca/images/h29/h47/8822030958622.jpg,https://www.metro.ca/en/online-grocery/search-page-395
MAISON ORPHÉE,Italian Dressing,250 mL,"$5.29
 ea.",,$2.12 /100ml,,,https://product-images.metro.ca/images/hb2/hd8/11849492070430.jpg,https://www.metro.ca/en/online-grocery/search-page-395
JOIE,Eggy Egg Timer,1 un,"$4.99
 ea.",,$4.99 /un.,,,https://product-images.metro.ca/images/h18/haf/10073467060254.jpg,https://www.metro.ca/en/online-grocery/search-page-395
TRUDEAU MAISON,Waiter Corkscrew,1 un,"$8.49
 ea.",,$8.49 /un.,,,https://product-images.metro.ca/images/h34/h96/12083985514526.jpg,https://www.metro.ca/en/online-grocery/search-page-395
,Case Of Fresh Figs,1 un,"$12.99
 ea.",,$12.99 /un.,,,https://product-images.metro.ca/images/h65/h6a/11521193836574.jpg,https://www.metro.ca/en/online-grocery/search-page-395
,Bag Of Honey Crisp Apples,3 lb,"$8.99
 ea.",,$0.66 /100g,,,https://product-images.metro.ca/images/h11/h0b/9190267781150.jpg,https://www.metro.ca/en/online-grocery/search-page-395
SPLASH BLAST,Assorted Fruit Falvoured Water,24x500 mL,"$10.99
 ea.",,$0.09 /100ml,,,https://product-images.metro.ca/images/hef/hab/11445393719326.jpg,https://www.metro.ca/en/online-grocery/search-page-395
CHARLEVOISIENNE,Dry Tomato Basilic Ham,175 g,"$6.49
 ea.",,$3.71 /100g,,,https://www.metro.ca/images/shared/placeholders/icon-no-picture.svg?v=2023.71.1.d1,https://www.metro.ca/en/online-grocery/search-page-395
VIGNOBLE MONDOR,"Quebec Red Wine, De Marquette",750 mL,"$14.29
 ea.",,$1.91 /100ml,,,,https://www.metro.ca/en/online-grocery/search-page-395
VIGNOBLE MONDOR,"Quebec White Wine, Le Côteau D'Or",750 mL,"$14.29
 ea.",,$1.91 /100ml,,,,https://www.metro.ca/en/online-grocery/search-page-395
SANICAP,Sanitary Paper Cover Seat,1 un,"$1.99
 ea.",,$1.99 /un.,,,https://product-images.metro.ca/images/hdc/h38/10823601881118.jpg,https://www.metro.ca/en/online-grocery/search-page-395
CAFÉ WILLIAM,Buongiorno Light Roast Ground Coffee,340 g,"$10.99
 ea.",,$3.23 /100g,"Regular price
$12.49  ea.","Valid until Feb 7, 2024",https://product-images.metro.ca/images/hd0/h4c/10298859782174.jpg,https://www.metro.ca/en/online-grocery/search-page-396
CAFÉ WILLIAM,Organic Water Decaffeinated Zen Coffee Beans,650 g,"$23.49
 ea.",,$3.61 /100g,,,https://product-images.metro.ca/images/hf8/h99/11761604198430.jpg,https://www.metro.ca/en/online-grocery/search-page-396
CAFÉ WILLIAM,Organic Intenso Dark Roast K-Cup® Coffee Pods,12 un,"$12.49
 ea.",,$1.04 /un.,,,https://product-images.metro.ca/images/h72/h1c/10300157394974.jpg,https://www.metro.ca/en/online-grocery/search-page-396
CAFÉ WILLIAM,Organic Cremosa Medium Roast K-Cup® Coffee Pods,12 un,"$12.49
 ea.",,$1.04 /un.,,,https://product-images.metro.ca/images/hbf/h6a/11259056226334.jpg,https://www.metro.ca/en/online-grocery/search-page-396
CAFÉ WILLIAM,Organic Colombiano Light Roast K-Cup® Coffee Pods,12 un,"$12.49
 ea.",,$1.04 /un.,,,https://product-images.metro.ca/images/h50/hf3/10300161097758.jpg,https://www.metro.ca/en/online-grocery/search-page-396
CAFÉ WILLIAM,Ciao Bella Medium Roast Ground Coffee,700 g,"$20.49
 ea.",,$2.93 /100g,,,https://product-images.metro.ca/images/hd4/h29/11244030885918.jpg,https://www.metro.ca/en/online-grocery/search-page-396
LINDT,"White Chocolate Bar, Lindor",100 g,"$3.49
 ea.",,$3.49 /100g,"Regular price
$4.79  ea.","Valid until Jan 24, 2024",,https://www.metro.ca/en/online-grocery/search-page-396
LINDT,"Milk Chocolate Bar, Lindor",100 g,"$3.49
 ea.",,$3.49 /100g,"Regular price
$4.79  ea.","Valid until Jan 24, 2024",,https://www.metro.ca/en/online-grocery/search-page-396
MYSTIQUE,Organic Water Decaffeinated Dark Coffee Beans,395 g,"$14.99
 ea.",,$3.79 /100g,"Regular price
$16.49  ea.","Valid until Feb 7, 2024",https://product-images.metro.ca/images/hec/h3f/10020682629150.jpg,https://www.metro.ca/en/online-grocery/search-page-396
MYSTIQUE,Organic Equit-Espresso Coffee Beans,454 g,"$14.99
 ea.",,$3.30 /100g,"Regular price
$16.49  ea.","Valid until Feb 7, 2024",https://product-images.metro.ca/images/h67/h27/10020683710494.jpg,https://www.metro.ca/en/online-grocery/search-page-396
STARBUCKS,Dark French Roast K-Cup® Coffee Pods,10 un,"$13.29
 ea.",,$1.33 /un.,,,https://product-images.metro.ca/images/hb0/h40/12266488430622.jpg,https://www.metro.ca/en/online-grocery/search-page-396
HEINEKEN,"Non-Alcoholic Dutch Lager Beer, 0.0",6x330 mL - bottles,"$13.49
 ea.",,$0.68 /100ml,"Regular price
$15.49  ea.","Valid until Feb 7, 2024",,https://www.metro.ca/en/online-grocery/search-page-396
CLUB DES MILLIONNAIRES,Skinless Boneless Sardines In Sunflower Oil,124 g,"$3.69
 ea.",,$2.98 /100g,,,https://product-images.metro.ca/images/h4b/h59/9518703902750.jpg,https://www.metro.ca/en/online-grocery/search-page-396
CESAR,Pork Tenderloin Flavoured Entrées For Small Dogs,100 g,"$1.99
 ea.",,$1.99 /100g,"Regular price
$2.19  ea.","Valid until Jan 24, 2024",https://product-images.metro.ca/images/hc2/h45/9719438639134.jpg,https://www.metro.ca/en/online-grocery/search-page-396
MINUTE RICE,Pre-Cooked Whole Grain Brown Rice,1.2 kg,"$7.99
 ea.",,$0.67 /100g,"Regular price
$8.79  ea.","Valid until Jan 24, 2024",https://product-images.metro.ca/images/h33/hbb/10685951344670.jpg,https://www.metro.ca/en/online-grocery/search-page-396
MAGNUM,Mini 60% Dark Cocoa Ice Cream Bars,4x55 mL,"$7.99
 ea.",,$3.63 /100ml,,,https://product-images.metro.ca/images/h7f/h5b/10727311081502.jpg,https://www.metro.ca/en/online-grocery/search-page-396
METROGO!,"Chicken Chinese Macaroni, Value Pack",,"$19.69
 avg. ea.","(1,100 g avg.)",$17.90 /kg$8.12 /lb.,,,,https://www.metro.ca/en/online-grocery/search-page-396
PREMIÈRE MOISSON,Flaxseed Bread,525 g,"$6.99
 ea.",,$1.33 /100g,,,https://product-images.metro.ca/images/h59/h9f/9961660547102.jpg,https://www.metro.ca/en/online-grocery/search-page-396
THAI KITCHEN,Authentic Green Curry Paste,112 g,"$6.29
 ea.",,$5.62 /100g,,,https://product-images.metro.ca/images/hbd/h43/10170568867870.jpg,https://www.metro.ca/en/online-grocery/search-page-396
LUNDBERG,Wild And Whole Grain Brown Rice Blend,454 g,"$10.49
 ea.",,$2.31 /100g,,,https://product-images.metro.ca/images/h86/h67/12083895730206.jpg,https://www.metro.ca/en/online-grocery/search-page-396
HEINEKEN,Dutch Lager Beer,6x330 mL - bottles,"$13.49
 ea.",,$0.68 /100ml,"Regular price
$15.49  ea.","Valid until Feb 7, 2024",https://product-images.metro.ca/images/h82/h43/11152717348894.jpg,https://www.metro.ca/en/online-grocery/search-page-396
LYSOL,Bathroom Bleach Cleaning Spray,950 mL,"$3.99
 ea.",,$0.42 /100ml,"Regular price
$5.99  ea.","Valid until Feb 7, 2024",https://product-images.metro.ca/images/hd8/hca/10180384587806.jpg,https://www.metro.ca/en/online-grocery/search-page-396
HAMBURGER HELPER,Lasagna,220 g,"2 / 
$5.50",,$1.25 /100g,"Regular price
$3.69  ea.","Valid until Jan 24, 2024",https://product-images.metro.ca/images/h51/had/11754116415518.jpg,https://www.metro.ca/en/online-grocery/search-page-396
CHRISTIE,"Salted Tops Soda Crackers, Premium Plus",900g,"$8.99
 ea.",,$1.00 /100g,,,,https://www.metro.ca/en/online-grocery/search-page-396
CREST,"Refreshing Clean Mint Antiseptic Oral Rinse, Pro-Health",1 L,"$7.99
 ea.",,$0.80 /100ml,,,,https://www.metro.ca/en/online-grocery/search-page-396
HEALTHY CHOICE,"General Tao'S Spicy Chicken, Gourmet Steamers",306 g,"$5.99
 ea.",,$1.96 /100g,,,,https://www.metro.ca/en/online-grocery/search-page-396
SELECTION,Pine Nuts,80 g,"$11.29
 ea.",,$14.11 /100g,,,https://product-images.metro.ca/images/h63/h5a/10715298103326.jpg,https://www.metro.ca/en/online-grocery/search-page-396
SELECTION,Hollandaise Sauce Mix,21 g,"$0.99
 ea.",,$4.71 /100g,"Regular price
$1.49  ea.","Valid until Jan 24, 2024",https://product-images.metro.ca/images/h2d/hbe/9719648780318.jpg,https://www.metro.ca/en/online-grocery/search-page-396
NESTLÉ,"Chocolate Bars, Coffee Crisp",4x50 g,"$5.99
 ea.",,$3.00 /100g,,,,https://www.metro.ca/en/online-grocery/search-page-396
NATREL,Vanilla Flavoured Lactose Free Ice Cream,473 mL,"$5.29
 ea.",,$1.12 /100ml,,,https://product-images.metro.ca/images/h7c/hf3/11761522737182.jpg,https://www.metro.ca/en/online-grocery/search-page-396
NESCAFÉ,"Instant Coffee, Rich",475 g,"$17.99
 ea.",,$3.79 /100g,,,,https://www.metro.ca/en/online-grocery/search-page-397
HOEGAARDEN,Belgian White Beer,6x330 mL - bottles,"3 / 
$35.97",,or $14.49 ea. $0.61 /100ml,"Regular price
$15.49  ea.","Valid until Feb 7, 2024",https://product-images.metro.ca/images/h9f/h61/10378848305182.jpg,https://www.metro.ca/en/online-grocery/search-page-397
FROMAGERIE BERGERON,Le Six Pourcent Light Lactose Free Firm Cheese,200 g,"$7.99
 ea.",,$4.00 /100g,"Regular price
$8.99  ea.","Valid until Jan 10, 2024",https://product-images.metro.ca/images/h19/hff/11511535435806.jpg,https://www.metro.ca/en/online-grocery/search-page-397
PLANTERS,Praline Nut Mix,450 g,"$6.99
 ea.",,$1.55 /100g,"Regular price
$8.29  ea.","Valid until Jan 24, 2024",https://product-images.metro.ca/images/h85/h72/11477805793310.jpg,https://www.metro.ca/en/online-grocery/search-page-397
GAIN,Original Scent Fabric Softener Sheets,120 un,"$7.99
 ea.",,$0.07 /un.,"Regular price
$9.49  ea.","Valid until Feb 7, 2024",https://product-images.metro.ca/images/hee/he5/10697199681566.jpg,https://www.metro.ca/en/online-grocery/search-page-397
SARDO,"Kalamata Olives, Deli Market",250 mL,"$5.29
 ea.",,$2.12 /100ml,,,,https://www.metro.ca/en/online-grocery/search-page-397
,Sweet Onions,3 lb,"$5.99
 ea.",,$0.44 /100g,,,https://product-images.metro.ca/images/hda/h5d/8890428882974.jpg,https://www.metro.ca/en/online-grocery/search-page-397
UNICO,Sliced Kalamata Olives,375 mL,"$4.29
 ea.",,$1.14 /100ml,"Regular price
$5.29  ea.","Valid until Jan 24, 2024",https://product-images.metro.ca/images/h7b/h50/9526742941726.jpg,https://www.metro.ca/en/online-grocery/search-page-397
DORSET CEREALS,Simply Delicious Muesli Cereal,620 g,"$7.49
 ea.",,$1.21 /100g,,,https://product-images.metro.ca/images/h98/h1b/11243993792542.jpg,https://www.metro.ca/en/online-grocery/search-page-397
TWININGS,Earl Grey Tea,20 un,"$5.79
 ea.",,$0.29 /un.,,,https://product-images.metro.ca/images/hf5/h00/11665348591646.jpg,https://www.metro.ca/en/online-grocery/search-page-397
,Watercress,113 g,"$5.99
 ea.",,$5.30 /100g,,,https://product-images.metro.ca/images/hd6/h09/8858986119198.jpg,https://www.metro.ca/en/online-grocery/search-page-397
METROGO!,Beef Stew,,"$6.45
 avg. ea.",(270 g avg.),$23.90 /kg$10.84 /lb.,,,https://product-images.metro.ca/images/h3b/ha6/11926677487646.jpg,https://www.metro.ca/en/online-grocery/search-page-397
GASPÉSIEN,"Smoked Ham, Le P'Tit Classique",750 g,"$16.99
 ea.",,$2.27 /100g,,,,https://www.metro.ca/en/online-grocery/search-page-397
FRISKIES,"7 Flavours Dry Cat Food, Chef'S Blend",1.5 kg,"$7.79
 ea.",,$0.52 /100g,,,,https://www.metro.ca/en/online-grocery/search-page-397
IRRESISTIBLES,Virgin Coconut Oil,375 g,"$6.99
 ea.",,$1.86 /100g,,,https://product-images.metro.ca/images/h5a/h74/11521242595358.jpg,https://www.metro.ca/en/online-grocery/search-page-397
BRUNSWICK,"Kippered Boneless Herring Fillets, Seafood Snacks",85 g,"$2.69
 ea.",,$2.69 /100g,,,,https://www.metro.ca/en/online-grocery/search-page-397
WHISKAS,Salmon Flavoured Premium Cat Paté,100 g,"$1.79
 ea.",,$1.79 /100g,,,https://product-images.metro.ca/images/hd6/h19/12191607226398.jpg,https://www.metro.ca/en/online-grocery/search-page-397
ALEXIS DE PORTNEUF,Le Calendos™ Camembert Cheese,125 g,"$4.99
 ea.",,$3.99 /100g,"Regular price
$6.99  ea.","Valid until Jan 17, 2024",https://product-images.metro.ca/images/h6f/hf6/10486514941982.jpg,https://www.metro.ca/en/online-grocery/search-page-397
OLIVIERI,Ricotta And Spinach Ravioli,300 g,"$6.99
 ea.",,$2.33 /100g,,,https://product-images.metro.ca/images/h44/h3a/10727318355998.jpg,https://www.metro.ca/en/online-grocery/search-page-397
CLUB HOUSE,"Cajun Seasoning, Signature Blends",120 g,"$6.49
 ea.",,$5.41 /100g,,,,https://www.metro.ca/en/online-grocery/search-page-397
,"6"" Garlic, Herbs And Cheese Submarine Rolls",6x70 g,"$4.99
 ea.",,$1.19 /100g,,,,https://www.metro.ca/en/online-grocery/search-page-397
MARZETTI,French Onion Veggie Dip,340 g,"$4.99
 ea.",,$1.47 /100g,"Regular price
$5.99  ea.","Valid until Jan 17, 2024",https://product-images.metro.ca/images/h20/hd6/9526391406622.jpg,https://www.metro.ca/en/online-grocery/search-page-397
DR. OETKER,Vanilla Sugar,6x9 g,"$3.79
 ea.",,$7.02 /100g,,,https://product-images.metro.ca/images/ha1/hf2/11126259154974.jpg,https://www.metro.ca/en/online-grocery/search-page-397
SARDO,Pitted Kalamata Olives,500 mL,"$10.49
 ea.",,$2.10 /100ml,,,https://product-images.metro.ca/images/h4a/h30/12039050821662.jpg,https://www.metro.ca/en/online-grocery/search-page-397
MAPLE LODGE FARMS,"Oven Roasted Chicken Breast Roast, Naturally From Th...",,"$4.49
 / 100 g",,$44.90 /kg$20.37 /lb.,,,,https://www.metro.ca/en/online-grocery/search-page-397
MARQUIS DE MÉRICOURT,Canadian White Wine,1 L,"$10.79
 ea.",,$1.08 /100ml,"Regular price
$12.29  ea.","Valid until Feb 7, 2024",https://product-images.metro.ca/images/hd6/h77/12210124193822.jpg,https://www.metro.ca/en/online-grocery/search-page-397
IRRESISTIBLES,"Solid Light Tuna, Life Smart",142 g,"2 / 
$4.50",,$1.58 /100g,"Regular price
$2.69  ea.","Valid until Jan 24, 2024",,https://www.metro.ca/en/online-grocery/search-page-397
PRÉSIDENT,Brie Cheese,230 g,"$9.99
 ea.",,$4.34 /100g,,,https://product-images.metro.ca/images/h56/ha0/11461802033182.jpg,https://www.metro.ca/en/online-grocery/search-page-397
KELLOGG'S,"Cereal Jumbo Size, Froot Loops",825 g,"$8.49
 ea.",,$1.03 /100g,,,,https://www.metro.ca/en/online-grocery/search-page-397
,Chicken Wings,10 to 12 wings per tray,"$9.25
 avg. ea.",(600 g avg.),$15.41 /kg$6.99 /lb.,,,https://product-images.metro.ca/images/h53/hab/9185770831902.jpg,https://www.metro.ca/en/online-grocery/search-page-397
LA CROIX,Lime Flavoured Sparkling Water,8x355 mL,"$6.29
 ea.",,$0.22 /100ml,,,https://product-images.metro.ca/images/h78/h79/9999353544734.jpg,https://www.metro.ca/en/online-grocery/search-page-398
KINDER SURPRISE,Milk Chocolate Eggs With Surprise Toy,3x20 g,"$5.29
 ea.",,$8.82 /100g,"Regular price
$5.99  ea.","Valid until Jan 24, 2024",https://product-images.metro.ca/images/h8e/hd2/12191645532190.jpg,https://www.metro.ca/en/online-grocery/search-page-398
PINE-SOL,Mandarin Scented Multi-Surface Cleaner,1.41 L,"$6.79
 ea.",,$0.48 /100ml,,,https://product-images.metro.ca/images/h7c/ha7/11655042760734.jpg,https://www.metro.ca/en/online-grocery/search-page-398
ALEXIS DE PORTNEUF,"Fine Herbs Soft Unripened Goat Cheese, Capriny",100 g,"$6.29
 ea.",,$6.29 /100g,,,,https://www.metro.ca/en/online-grocery/search-page-398
SVELTE,Partially Dealcoholized Canadian Rosé Wine,750 mL,"$12.29
 ea.",,$1.64 /100ml,"Regular price
$13.79  ea.","Valid until Feb 7, 2024",https://product-images.metro.ca/images/h21/hc8/10399534710814.jpg,https://www.metro.ca/en/online-grocery/search-page-398
SWIFFER,"Feather Duster Dusting Kit With Refills, 180° Dusters",1 un,"$9.29
 ea.",,$1.86 /un.,,,,https://www.metro.ca/en/online-grocery/search-page-398
RIO MARE,"Corn And Light Tuna Salad, Insalatissime",160 g,"$5.29
 ea.",,$3.31 /100g,,,,https://www.metro.ca/en/online-grocery/search-page-398
DOLE,Peaches In Peach Gel Cups,4x123 g,"$4.49
 ea.",,$0.91 /100g,,,https://product-images.metro.ca/images/h81/hb1/10822728482846.jpg,https://www.metro.ca/en/online-grocery/search-page-398
TEMPTATIONS,"Creamy Dairy Flavoured Cat Treats, Mega-Pack",180 g,"$3.79
 ea.",,$2.11 /100g,"Regular price
$4.79  ea.","Valid until Jan 24, 2024",,https://www.metro.ca/en/online-grocery/search-page-398
KRISPY KERNELS,Sweet And Salty Cocktail Mix,225 g,"$3.99
 ea.",,$1.77 /100g,"Regular price
$4.69  ea.","Valid until Jan 24, 2024",https://product-images.metro.ca/images/hbe/h0d/11281560338462.jpg,https://www.metro.ca/en/online-grocery/search-page-398
ALLESSIA,Fillets Of Anchovies,80 g,"$4.49
 ea.",,$5.61 /100g,,,https://product-images.metro.ca/images/he9/he6/9522145755166.jpg,https://www.metro.ca/en/online-grocery/search-page-398
NATUR-A,Original Flavour Organic Light Fortified Soy Beverage,946 mL,"$3.49
 ea.",,$0.37 /100ml,,,https://product-images.metro.ca/images/h33/hcf/10727321993246.jpg,https://www.metro.ca/en/online-grocery/search-page-398
COMMENSAL,Curry-Coco Soup,600 mL,"$7.79
 ea.",,$1.30 /100ml,,,https://product-images.metro.ca/images/h72/h18/10062128545822.jpg,https://www.metro.ca/en/online-grocery/search-page-398
HERSHEY'S,Milk Chocolate Bars With Whole Almonds,4x43 g,"$6.79
 ea.",,$3.95 /100g,,,https://product-images.metro.ca/images/hb7/hfb/11449490735134.jpg,https://www.metro.ca/en/online-grocery/search-page-398
EARTH BALANCE,Soy Free Traditional Spread,425 g,"$8.79
 ea.",,$2.07 /100g,,,https://product-images.metro.ca/images/h1b/he5/11574104391710.jpg,https://www.metro.ca/en/online-grocery/search-page-398
OLD EL PASO,Mini Flour Tortilla Bowls,144 g,"$3.49
 ea.",,$1.85 /100g,"Regular price
$4.99  ea.","Valid until Jan 24, 2024",https://product-images.metro.ca/images/h67/ha6/12354374860830.jpg,https://www.metro.ca/en/online-grocery/search-page-398
JERSEY MILK,Milk Chocolate,100 g,"$2.99
 ea.",,$2.99 /100g,"Regular price
$3.49  ea.","Valid until Jan 24, 2024",https://product-images.metro.ca/images/h08/h07/11432780070942.jpg,https://www.metro.ca/en/online-grocery/search-page-398
SWIFFER,Febreze® Lavender Vanilla & Comfort Scented Disposab...,10 un,"$13.99
 ea.",,$1.40 /un.,,,,https://www.metro.ca/en/online-grocery/search-page-398
ST-HUBERT,Red Wine Sauce Mix,35 g,"3 / 
$5.00",,$4.76 /100g,"Regular price
$2.39  ea.","Valid until Jan 10, 2024",https://product-images.metro.ca/images/h13/hab/10170589511710.jpg,https://www.metro.ca/en/online-grocery/search-page-398
KIJU,Apple Grape Juice,1 L,"$3.99
 ea.",,$0.40 /100ml,,,https://product-images.metro.ca/images/h54/h37/10521698074654.jpg,https://www.metro.ca/en/online-grocery/search-page-398
CHEF LELARGE,"Dijon And Honey Sauce Mix, Fine Cuisine",42 g,"3 / 
$5.00",,$3.97 /100g,"Regular price
$2.69  ea.","Valid until Jan 10, 2024",,https://www.metro.ca/en/online-grocery/search-page-398
CARLOS PEPITO,"Alcoholic Malt Beverage, Bella Sangria",473 mL,"2 / 
$7.00",,$0.74 /100ml,"Regular price
$3.59  ea.","Valid until Feb 7, 2024",,https://www.metro.ca/en/online-grocery/search-page-398
CLIF BAR,White Chocolate And Macadamia Nut Energy Bars,12x68 g,"$25.99
 ea.",,$3.19 /100g,,,https://product-images.metro.ca/images/he7/hff/11541090861086.jpg,https://www.metro.ca/en/online-grocery/search-page-398
CLUB DES MILLIONNAIRES,Slightly Smoked Brisling Sardines,106 g,"$4.69
 ea.",,$4.42 /100g,,,https://product-images.metro.ca/images/h4b/h8d/9518862696478.jpg,https://www.metro.ca/en/online-grocery/search-page-398
KELLOGG'S,"Cereal Jumbo Size, Corn Pops",730 g,"$10.99
 ea.",,$1.51 /100g,,,,https://www.metro.ca/en/online-grocery/search-page-398
ARAHOVA,Tzatziki Dip,500 g,"$8.99
 ea.",,$1.80 /100g,,,https://product-images.metro.ca/images/h36/ha8/9529848463390.jpg,https://www.metro.ca/en/online-grocery/search-page-398
VILEDA,Fresh Comfort™ Large Gloves,1 un,"$3.29
 ea.",,$3.29 /un.,,,https://product-images.metro.ca/images/h59/h61/8808583004190.jpg,https://www.metro.ca/en/online-grocery/search-page-398
CLUB HOUSE,"Montreal Chicken Spice Seasoning, La Grille",170 g,"$6.49
 ea.",,$3.82 /100g,,,,https://www.metro.ca/en/online-grocery/search-page-398
NATUR-A,Cappuccino Flavoured Organic Soy Beverage,946 mL,"$3.49
 ea.",,$0.37 /100ml,,,https://product-images.metro.ca/images/hd7/h83/12320434028574.jpg,https://www.metro.ca/en/online-grocery/search-page-398
SELECTION,Design Paper Plates - 17.5cm,40 un,"$6.29
 ea.",,$0.16 /un.,,,https://product-images.metro.ca/images/hcd/h5d/8809846210590.jpg,https://www.metro.ca/en/online-grocery/search-page-398
SELECTION,"Chewy Cranberry, White Chocolate And Raspberry Grano...",6 bars,"$2.99
 ea.",,$1.90 /100g,,,,https://www.metro.ca/en/online-grocery/search-page-399
,Frozen Shrimp Skewer,1 un,"$1.79
 ea.",,$3.25 /100g,,,https://product-images.metro.ca/images/h33/h87/10389212364830.jpg,https://www.metro.ca/en/online-grocery/search-page-399
,Boneless Pork Shoulder Blade Roast,,"$12.10
 avg. ea.","(1,000 g avg.)",$12.10 /kg$5.49 /lb.,,,https://product-images.metro.ca/images/h0b/hbc/11520999653406.jpg,https://www.metro.ca/en/online-grocery/search-page-399
MALIMOUSSE,Crab Spread,130 g,"$3.99
 ea.",,$3.07 /100g,"Regular price
$4.49  ea.","Valid until Jan 10, 2024",https://product-images.metro.ca/images/h06/h3b/8938656989214.jpg,https://www.metro.ca/en/online-grocery/search-page-399
TOASTER STRUDEL,Apple Pastries With Icing,326 g,"$2.99
 ea.",,$0.92 /100g,"Regular price
$4.49  ea.","Valid until Jan 10, 2024",https://product-images.metro.ca/images/h1e/h55/11073260683294.jpg,https://www.metro.ca/en/online-grocery/search-page-399
DR. OETKER,"Frozen Pepperoni Rising Crust Pizza, Giuseppe",720 g,"$9.39
 ea.",,$1.30 /100g,,,,https://www.metro.ca/en/online-grocery/search-page-399
RYVITA,Light & Crispy Snackbread,125 g,"$2.99
 ea.",,$2.39 /100g,"Regular price
$3.99  ea.","Valid until Jan 24, 2024",https://product-images.metro.ca/images/hf8/h62/10778555973662.jpg,https://www.metro.ca/en/online-grocery/search-page-399
SUNRISE,Banana Flavoured Dessert Tofu,2x150 g,"$1.99
 ea.",,$0.66 /100g,,,https://product-images.metro.ca/images/hfb/h9e/9518646591518.jpg,https://www.metro.ca/en/online-grocery/search-page-399
IRRESISTIBLES,Sliced Almonds,150 g,"$5.99
 ea.",,$3.99 /100g,"Regular price
$6.99  ea.","Valid until Jan 10, 2024",https://product-images.metro.ca/images/h63/he7/9051553628190.jpg,https://www.metro.ca/en/online-grocery/search-page-399
BUBLY,Orange Flavoured Sparkling Water,12x355 mL - cans,"2 / 
$11.48",,or $6.49 ea. $0.13 /100ml,,"Valid until Feb 7, 2024",https://product-images.metro.ca/images/ha6/h94/10135965368350.jpg,https://www.metro.ca/en/online-grocery/search-page-399
PLAISIRS GASTRONOMIQUES,Chicken Pie,1 kg,"$14.99
 ea.",,$1.50 /100g,,,https://product-images.metro.ca/images/h1c/hf8/9529791479838.jpg,https://www.metro.ca/en/online-grocery/search-page-399
SELECTION,Spruce Beer,2 L,"$2.29
 ea.",,$0.11 /100ml,,,https://product-images.metro.ca/images/hbb/hfe/10367551963166.jpg,https://www.metro.ca/en/online-grocery/search-page-399
,Pomelo,1 un,"$2.99
 ea.",,$2.99 /un.,,,https://product-images.metro.ca/images/h61/h6a/11521221492766.jpg,https://www.metro.ca/en/online-grocery/search-page-399
SUNRISE,Traditional Sweetened Dessert Tofu,2x150 g,"$1.99
 ea.",,$0.66 /100g,,,https://product-images.metro.ca/images/h7f/h04/9518659567646.jpg,https://www.metro.ca/en/online-grocery/search-page-399
FANCY FEAST,"Tuna In Gravy Wet Cat Food, Grilled",85 g,"$1.49
 ea.",,$1.75 /100g,,,,https://www.metro.ca/en/online-grocery/search-page-399
,Maple Pecan Danishes,4x80 g,"$6.79
 ea.",,$2.12 /100g,,,https://product-images.metro.ca/images/he3/h77/8861153919006.jpg,https://www.metro.ca/en/online-grocery/search-page-399
CASTELLO,Herbs And Spices Havarti Cheese,200 g,"$8.00
 ea.",,$4.00 /100g,"Regular price
$8.49  ea.","Valid until Jan 10, 2024",https://product-images.metro.ca/images/h23/h09/10470704414750.jpg,https://www.metro.ca/en/online-grocery/search-page-399
BETTY CROCKER,Frosted Brownies Mix,550 g,"$4.19
 ea.",,$0.76 /100g,,,https://product-images.metro.ca/images/h3d/h28/9882994671646.jpg,https://www.metro.ca/en/online-grocery/search-page-399
ATTITUDE,Citrus Zest Glass Cleaning Spray,800 mL,"$6.29
 ea.",,$0.79 /100ml,,,https://product-images.metro.ca/images/h31/h9d/9873021108254.jpg,https://www.metro.ca/en/online-grocery/search-page-399
FRISKIES,"Turkey And Cheese Wet Cat Food, Shredded",156 g,"$1.49
 ea.",,$0.96 /100g,,,,https://www.metro.ca/en/online-grocery/search-page-399
MONTELLIER,Lime Flavoured Carbonated Natural Spring Water,10x355 mL,"$6.99
 ea.",,$0.20 /100ml,,,https://product-images.metro.ca/images/h60/ha4/11535835201566.jpg,https://www.metro.ca/en/online-grocery/search-page-399
WANT-WANT,"Brown Rice Crisps With Black Sesame, SuperSlim",100 g,"$3.99
 ea.",,$3.99 /100g,,,,https://www.metro.ca/en/online-grocery/search-page-399
EAGLE BRAND,Dulce De Leche Caramel Flavoured Milk,300 mL,"$3.99
 ea.",,$1.33 /100ml,"Regular price
$5.29  ea.","Valid until Feb 7, 2024",https://product-images.metro.ca/images/hf7/h8c/10518836051998.jpg,https://www.metro.ca/en/online-grocery/search-page-399
,Organic Spaghetti Squash,,"$7.71
 avg. ea.","(1,300 g avg.)",$5.93 /kg$2.69 /lb.,,,https://product-images.metro.ca/images/hbf/ha0/8909991346206.jpg,https://www.metro.ca/en/online-grocery/search-page-399
MANITOBA HARVEST,"Natural Raw Shelled Hemp Seeds, Hemp Hearts",227 g,"$10.29
 ea.",,$4.53 /100g,,,,https://www.metro.ca/en/online-grocery/search-page-399
GARDEIN,Frozen Fish-Free Golden Filets,288 g,"$6.99
 ea.",,$2.43 /100g,"Regular price
$7.49  ea.","Valid until Feb 14, 2024",https://product-images.metro.ca/images/ha0/h20/11432689336350.jpg,https://www.metro.ca/en/online-grocery/search-page-399
NICOLAS LALOUX,Peach Flavoured White Wine Beverage,1 L,"$10.99
 ea.",,$1.10 /100ml,,,https://product-images.metro.ca/images/h67/h22/11521203634206.jpg,https://www.metro.ca/en/online-grocery/search-page-399
IRRESISTIBLES,Chicken Tenders Dog Treats,227 g,"$6.99
 ea.",,$3.08 /100g,"Regular price
$7.99  ea.","Valid until Jan 10, 2024",https://product-images.metro.ca/images/h15/h70/8982875078686.jpg,https://www.metro.ca/en/online-grocery/search-page-399
SILK,Almond Plant-Based Beverage,946 mL,"$3.39
 ea.",,$0.36 /100ml,,,https://product-images.metro.ca/images/h1e/hc7/10491754053662.jpg,https://www.metro.ca/en/online-grocery/search-page-399
VASELINE,Original Petroleum Jelly,375 g,"$6.99
 ea.",,$1.86 /100g,,,https://product-images.metro.ca/images/h2a/h19/11857589043230.jpg,https://www.metro.ca/en/online-grocery/search-page-399
SAPPORO ICHIBAN,Beef Japanese Noodle Soup Mix,100 g,"$1.59
 ea.",,$1.59 /100g,,,https://product-images.metro.ca/images/h26/hb2/11281579540510.jpg,https://www.metro.ca/en/online-grocery/search-page-401
KASHI,"Toasted Cinnamon Cereal, GOLEAN Crisp!",400 g,"$7.49
 ea.",,$1.87 /100g,,,,https://www.metro.ca/en/online-grocery/search-page-401
BAVARIA,"Dutch Lager Beer, Premium",660 mL - bottle,"2 / 
$6.50",,$0.49 /100ml,"Regular price
$3.99  ea.","Valid until Feb 7, 2024",,https://www.metro.ca/en/online-grocery/search-page-401
CLUB HOUSE,Organic Ground Cinnamon,40 g,"$2.99
 ea.",,$7.48 /100g,"Regular price
$3.29  ea.","Valid until Feb 7, 2024",https://product-images.metro.ca/images/h4e/h66/11412532199454.jpg,https://www.metro.ca/en/online-grocery/search-page-401
BAD MONKEY,Big Cheese Popcorn,300 g,"$4.19
 ea.",,$1.40 /100g,,,https://product-images.metro.ca/images/h51/h04/11281610637342.jpg,https://www.metro.ca/en/online-grocery/search-page-401
PLAISIRS GASTRONOMIQUES,Frozen Meat Pie,850 g,"$13.99
 ea.",,$1.65 /100g,,,https://product-images.metro.ca/images/h62/h55/9529800687646.jpg,https://www.metro.ca/en/online-grocery/search-page-401
DARE,"Gummie Bears, Real Juicee",730 g,"$5.79
 ea.",,$0.71 /100g,,,,https://www.metro.ca/en/online-grocery/search-page-401
SARDO,"Stuffed Mammoth Olives, Deli Market",250 mL,"$5.29
 ea.",,$2.12 /100ml,,,,https://www.metro.ca/en/online-grocery/search-page-401
NATURE'S PATH,Pumpkin Flax Granola,325 g,"$5.49
 ea.",,$1.69 /100g,"Regular price
$6.49  ea.","Valid until Feb 7, 2024",https://product-images.metro.ca/images/h38/hc4/11022106624030.jpg,https://www.metro.ca/en/online-grocery/search-page-401
IRRESISTIBLES,Pecan Halves,200 g,"$10.99
 ea.",,$5.50 /100g,,,https://product-images.metro.ca/images/h4f/heb/9051572011038.jpg,https://www.metro.ca/en/online-grocery/search-page-401
BLOUIN,Light Toasted Flour,280 g,"$2.99
 ea.",,$1.07 /100g,,,https://product-images.metro.ca/images/h4a/h46/12122146603038.jpg,https://www.metro.ca/en/online-grocery/search-page-401
KIJU,Organic Apple Grape Juice,4x200 mL,"$4.29
 ea.",,$0.54 /100ml,,,https://product-images.metro.ca/images/ha6/h8c/10521696108574.jpg,https://www.metro.ca/en/online-grocery/search-page-401
TIM HORTONS,French Vanilla Cappuccino Mix,454 g,"$7.99
 ea.",,$1.76 /100g,"Regular price
$9.29  ea.","Valid until Feb 7, 2024",https://product-images.metro.ca/images/hcc/hd2/9522011570206.jpg,https://www.metro.ca/en/online-grocery/search-page-401
MARZETTI,Ranch Veggie Dip Snack Pack,6x43 g,"$6.99
 ea.",,$2.71 /100g,,,https://product-images.metro.ca/images/h1a/hd6/9527139205150.jpg,https://www.metro.ca/en/online-grocery/search-page-401
AURORA,"Ladyfinger Cookies, Savoiardi",400 g,"$7.99
 ea.",,$2.00 /100g,,,,https://www.metro.ca/en/online-grocery/search-page-401
SMUCKER'S,"Crange Fruit Spread, Double Fruit",375 mL,"$5.99
 ea.",,$1.60 /100ml,"Regular price
$6.49  ea.","Valid until Feb 7, 2024",,https://www.metro.ca/en/online-grocery/search-page-401
VAN HOUTTE,Colombian Dark Ground Coffee,340 g,"$9.99
 ea.",,$2.94 /100g,"Regular price
$10.99  ea.","Valid until Feb 7, 2024",https://product-images.metro.ca/images/hd3/h4e/11292692676638.jpg,https://www.metro.ca/en/online-grocery/search-page-401
CLIF BAR,Chocolate Almond Fudge Flavoured Energy Bar,12x68 g,"$25.99
 ea.",,$3.19 /100g,,,https://product-images.metro.ca/images/h7e/h40/12191704449054.jpg,https://www.metro.ca/en/online-grocery/search-page-401
BLUEWATER SEAFOODS,Frozen Garlic And Herb Breaded Alaska Pollock Fillets,300 g,"$5.99
 ea.",,$2.00 /100g,"Regular price
$7.99  ea.","Valid until Jan 17, 2024",https://product-images.metro.ca/images/h6f/hdc/12048175136798.jpg,https://www.metro.ca/en/online-grocery/search-page-401
SILK,Unsweetened Vanilla Almond Plant-Based Beverage,946 mL,"$3.39
 ea.",,$0.36 /100ml,,,https://product-images.metro.ca/images/h26/hcd/10491755888670.jpg,https://www.metro.ca/en/online-grocery/search-page-401
FANCY FEAST,"Salmon With A Touch Of Milk Wet Cat Food, Creamy Del...",85 g,"$1.49
 ea.",,$1.75 /100g,,,,https://www.metro.ca/en/online-grocery/search-page-401
FLEISCHMANN'S,Bread Machine Yeast,113 g,"$5.79
 ea.",,$5.12 /100g,,,https://product-images.metro.ca/images/hd7/h12/12050682019870.jpg,https://www.metro.ca/en/online-grocery/search-page-401
PURE LEAF,Lemon Flavoured Iced Tea,547 mL,"$2.99
 ea.",,$0.55 /100ml,,,https://product-images.metro.ca/images/h34/he1/9526343827486.jpg,https://www.metro.ca/en/online-grocery/search-page-401
QUÉBON,"3% Vanilla Flavoured Custard Cream, Ultra'Cream",473 mL,"$5.69
 ea.",,$1.20 /100ml,,,,https://www.metro.ca/en/online-grocery/search-page-401
PRIMO,Jumbo Pasta Shells,340 g,"$3.99
 ea.",,$1.17 /100g,,,https://product-images.metro.ca/images/h67/h1d/9519769813022.jpg,https://www.metro.ca/en/online-grocery/search-page-401
MOLSON,"Ale Beer, Export",30x355 mL - cans,"$42.99
 ea.",,$0.40 /100ml,"Regular price
$44.49  ea.","Valid until Jan 10, 2024",,https://www.metro.ca/en/online-grocery/search-page-401
RICKARD'S,"Irish-Style Red Ale, Red",473 mL - can,"$3.79
 ea.",,$0.80 /100ml,,,,https://www.metro.ca/en/online-grocery/search-page-401
CLUB HOUSE,Organic Thyme Leaves,20 g,"$2.99
 ea.",,$14.95 /100g,"Regular price
$3.29  ea.","Valid until Feb 7, 2024",https://product-images.metro.ca/images/h31/hcf/11401322692638.jpg,https://www.metro.ca/en/online-grocery/search-page-401
,Bourguignonne Fondue Meat Trio,1 pack,"$22.02
 avg. ea.","(1,000 g avg.)",$22.02 /kg$9.99 /lb.,,,https://product-images.metro.ca/images/hc9/h36/8864586104862.jpg,https://www.metro.ca/en/online-grocery/search-page-401
CHAPMAN'S,Triple Berry Sorbet,2 L,"$6.29
 ea.",,$0.31 /100ml,"Regular price
$7.99  ea.","Valid until Feb 14, 2024",https://product-images.metro.ca/images/h1e/hc7/10091094573086.jpg,https://www.metro.ca/en/online-grocery/search-page-401
ST-HUBERT,Onion Soup With Red Wine,540 mL,"$3.99
 ea.",,$0.74 /100ml,,,https://product-images.metro.ca/images/hc5/h7f/10845167058974.jpg,https://www.metro.ca/en/online-grocery/search-page-402
METROGO!,Previously Frozen Maple Alder Wood Smoked Salmon,,"$6.61
 / 100 g",,$66.12 /kg$29.99 /lb.,,,https://product-images.metro.ca/images/hc4/h0a/8886348578846.jpg,https://www.metro.ca/en/online-grocery/search-page-402
CREST,"Classic Mouthwash With Scope®, Scope",1 L,"$7.99
 ea.",,$0.80 /100L,,,,https://www.metro.ca/en/online-grocery/search-page-402
KRAFT,Fat Free Rancher'S Choice Dressing,475 mL,"$4.49
 ea.",,$0.95 /100ml,,,https://product-images.metro.ca/images/he0/h8f/9986873458718.jpg,https://www.metro.ca/en/online-grocery/search-page-402
NICOLAS LALOUX,"Canadian Red Wine, Les Chais 770",4 L,"$42.49
 ea.",,$1.06 /100ml,,,,https://www.metro.ca/en/online-grocery/search-page-402
,"Apples, Sweetango",2 lb,"$5.49
 ea.",,$0.61 /100g,"Regular price
$5.99  ea.","Valid until Jan 10, 2024",,https://www.metro.ca/en/online-grocery/search-page-402
RENÉE'S GOURMET,Sweet Onion Dressing And Marinade,350 mL,"$5.99
 ea.",,$1.71 /100ml,,,https://product-images.metro.ca/images/h66/haf/9986774171678.jpg,https://www.metro.ca/en/online-grocery/search-page-402
ROUGEMONT,Apple Juice With Added Calcium & Vitamin D,2 L,"$4.49
 ea.",,$0.22 /100ml,"Regular price
$4.99  ea.","Valid until Jan 24, 2024",https://product-images.metro.ca/images/h3e/h6d/11937045544990.jpg,https://www.metro.ca/en/online-grocery/search-page-402
MUG,Root Beer,12x355 mL,"$6.98
 ea.",,$0.16 /100ml,"Regular price
$7.99  ea.","Valid until Jan 10, 2024",https://product-images.metro.ca/images/ha9/h28/10882744287262.jpg,https://www.metro.ca/en/online-grocery/search-page-402
PLAISIRS GASTRONOMIQUES,Pacific Salmon Pie,275 g,"$5.79
 ea.",,$2.11 /100g,,,https://product-images.metro.ca/images/h5b/hfb/9529854001182.jpg,https://www.metro.ca/en/online-grocery/search-page-402
NATREL,Salty Caramel Flavoured Lactose Free Ice Cream,473 mL,"$5.29
 ea.",,$1.12 /100ml,,,https://product-images.metro.ca/images/hc8/h3c/9522772279326.jpg,https://www.metro.ca/en/online-grocery/search-page-402
SELECTION,Béchamel Sauce Mix,42 g,"$0.99
 ea.",,$2.36 /100g,"Regular price
$1.49  ea.","Valid until Jan 24, 2024",https://product-images.metro.ca/images/hd2/hec/9519227633694.jpg,https://www.metro.ca/en/online-grocery/search-page-402
METROGO!,Strawberry Greek Yogurt With Berries And Granola,295 g,"$5.49
 ea.",,$1.69 /100g,,,https://product-images.metro.ca/images/h64/hfd/9014670393374.jpg,https://www.metro.ca/en/online-grocery/search-page-402
RENÉE'S GOURMET,Light Caesar Dressing Or Dip,750 mL,"$9.99
 ea.",,$1.33 /100ml,,,https://product-images.metro.ca/images/h04/h69/9986768961566.jpg,https://www.metro.ca/en/online-grocery/search-page-402
BEAUPRÉ,Carbonated Crackling Cider,473 mL,"2 / 
$7.00",,$0.74 /100ml,"Regular price
$3.79  ea.","Valid until Feb 7, 2024",https://product-images.metro.ca/images/hec/h06/10081781415966.jpg,https://www.metro.ca/en/online-grocery/search-page-402
METROGO!,Lean Ground Beef Hamburger Patty,Sold individually,"$2.99
 ea.",,$2.39 /100g,,,https://product-images.metro.ca/images/hf4/h2a/8931059400734.jpg,https://www.metro.ca/en/online-grocery/search-page-402
SELECTION,Neapolitan Ice Milk,4 L,"$7.79
 ea.",,$0.19 /100ml,,,https://product-images.metro.ca/images/h78/hea/11521031110686.jpg,https://www.metro.ca/en/online-grocery/search-page-402
GEROLSTEINER,Carbonated Natural Mineral Water,750 mL,"$4.49
 ea.",,$0.60 /100ml,,,https://product-images.metro.ca/images/h27/hd3/12050620645406.jpg,https://www.metro.ca/en/online-grocery/search-page-402
SMUCKER'S,Caramel Flavoured Sundae Syrup™,428 mL,"$4.69
 ea.",,$1.10 /100ml,"Regular price
$5.29  ea.","Valid until Jan 24, 2024",https://product-images.metro.ca/images/hd9/hae/11412520370206.jpg,https://www.metro.ca/en/online-grocery/search-page-402
THE LAUGHING COW,Light Processed Cheese Spread,24x16.7 g,"$9.99
 ea.",,$2.50 /100g,,,https://product-images.metro.ca/images/h20/hee/12083879280670.jpg,https://www.metro.ca/en/online-grocery/search-page-402
BECK'S,Non-Alcoholic German Lager Beer,6x330 mL - bottles,"$15.49
 ea.",,$0.78 /100ml,,,https://product-images.metro.ca/images/h17/h4f/8812069191710.jpg,https://www.metro.ca/en/online-grocery/search-page-402
FRANÇOIS HUBERT,Pizza Dough Ball,454 g,"$2.49
 ea.",,$0.55 /100g,"Regular price
$2.99  ea.","Valid until Jan 17, 2024",https://product-images.metro.ca/images/hd6/h5c/11449575342110.jpg,https://www.metro.ca/en/online-grocery/search-page-402
CEDAR,Navy Beans,907 g,"$3.49
 ea.",,$0.38 /100g,,,https://product-images.metro.ca/images/h40/h99/8854992683038.jpg,https://www.metro.ca/en/online-grocery/search-page-402
LA COSTEÑA,Refried Pinto Beans,546 mL,"$3.99
 ea.",,$0.73 /100ml,,,https://product-images.metro.ca/images/hc6/hd9/12174889975838.jpg,https://www.metro.ca/en/online-grocery/search-page-402
GRISSOL,Sprouted Grain Melba Toast With Seeds,350 g,"$5.29
 ea.",,$1.51 /100g,"Regular price
$6.49  ea.","Valid until Jan 24, 2024",https://product-images.metro.ca/images/haa/h7c/9702946603038.jpg,https://www.metro.ca/en/online-grocery/search-page-402
NATURE'S PATH,Organic Multibran Flakes Cereal,375 g,"$5.49
 ea.",,$1.46 /100g,"Regular price
$6.29  ea.","Valid until Feb 7, 2024",https://product-images.metro.ca/images/hd0/h9c/11492978196510.jpg,https://www.metro.ca/en/online-grocery/search-page-402
CEDAR,Pot Barley,907 g,"$2.69
 ea.",,$0.30 /100g,,,https://product-images.metro.ca/images/h0d/h93/10278131204126.jpg,https://www.metro.ca/en/online-grocery/search-page-402
DÉLICES D'AUTREFOIS,Homestyle 3 Meat Sauce,700 mL,"$7.79
 ea.",,$1.11 /100ml,,,https://product-images.metro.ca/images/h43/h46/9668813291550.jpg,https://www.metro.ca/en/online-grocery/search-page-402
METROGO!,Broccoli And Cheddar Sausages,3 sausages per tray,"$6.43
 avg. ea.",(400 g avg.),$16.07 /kg$7.29 /lb.,,,https://product-images.metro.ca/images/h37/h20/8963080454174.jpg,https://www.metro.ca/en/online-grocery/search-page-402
GOOD THINS,Gluten Free Sea Salt & Pepper Rice Crackers,100 g,"$4.99
 ea.",,$4.99 /100g,,,https://product-images.metro.ca/images/h9b/hfb/9712201170974.jpg,https://www.metro.ca/en/online-grocery/search-page-402
GRAND-MAMAN MARIE,Sponge Flan,200 g,"$6.49
 ea.",,$3.25 /100g,,,https://product-images.metro.ca/images/hfa/h8b/11541039087646.jpg,https://www.metro.ca/en/online-grocery/search-page-403
KÜHNE,Prepared Horseradish,125 mL,"$3.99
 ea.",,$3.19 /100ml,"Regular price
$4.99  ea.","Valid until Jan 24, 2024",https://product-images.metro.ca/images/hb3/hf8/9680462741534.jpg,https://www.metro.ca/en/online-grocery/search-page-403
BERTOLLI,Cooking Olive Oil,500 mL,"$12.49
 ea.",,$2.50 /100ml,,,https://product-images.metro.ca/images/haf/h21/11461745180702.jpg,https://www.metro.ca/en/online-grocery/search-page-403
CHOCOLATS FAVORIS,Salted Caramel Milk Chocolate Fondue,215 g,"$8.99
 ea.",,$4.18 /100g,,,https://product-images.metro.ca/images/hce/h11/10333762060318.jpg,https://www.metro.ca/en/online-grocery/search-page-403
ST. DALFOUR,Strawberry Deluxe Spread,225 mL,"$7.49
 ea.",,$3.33 /100ml,,,https://product-images.metro.ca/images/h59/h9c/11541020147742.jpg,https://www.metro.ca/en/online-grocery/search-page-403
BLUE DRAGON,Hoisin Sauce,200 mL,"$3.79
 ea.",,$1.90 /100ml,"Regular price
$4.39  ea.","Valid until Jan 24, 2024",https://product-images.metro.ca/images/h5c/ha7/9753132695582.jpg,https://www.metro.ca/en/online-grocery/search-page-403
DARE,"Jelly Beans, Real Juicee",818 g,"$5.79
 ea.",,$0.71 /100g,,,,https://www.metro.ca/en/online-grocery/search-page-403
KNORR,"Cheddar Chipotle Pasta, Sidekicks",124 g,"3 / 
$7.00",,$1.88 /100g,"Regular price
$2.79  ea.","Valid until Jan 24, 2024",,https://www.metro.ca/en/online-grocery/search-page-403
SOYGANIC,Organic Soft Tofu,2x150 g,"$2.49
 ea.",,$0.83 /100g,,,https://product-images.metro.ca/images/hce/haf/10225173331998.jpg,https://www.metro.ca/en/online-grocery/search-page-403
DOUBLE FRUIT,Raspberry Fruit Spread,375 mL,"$7.99
 ea.",,$2.13 /100ml,"Regular price
$8.49  ea.","Valid until Feb 7, 2024",https://product-images.metro.ca/images/h70/hb5/11401288220702.jpg,https://www.metro.ca/en/online-grocery/search-page-403
SOL CUISINE,Frozen Mushroom And Wild Rice Burgers,284 g,"$6.99
 ea.",,$2.46 /100g,,,https://product-images.metro.ca/images/hd9/hd4/10792056848414.jpg,https://www.metro.ca/en/online-grocery/search-page-403
BLUEWATER SEAFOODS,Frozen Lemon Pepper Breaded Alaska Pollock Fillets,300 g,"$5.99
 ea.",,$2.00 /100g,"Regular price
$7.99  ea.","Valid until Jan 17, 2024",https://product-images.metro.ca/images/h24/h31/12048173170718.jpg,https://www.metro.ca/en/online-grocery/search-page-403
IRRESISTIBLES,"Light Roast K-Cup Coffee Pods, Good Morning",12 un,"$6.99
 ea.",,$0.58 /un.,"Regular price
$7.99  ea.","Valid until Jan 10, 2024",,https://www.metro.ca/en/online-grocery/search-page-403
LYSOL,Green Apple Multi-Purpose Cleaning Spray,650 ml,"$3.99
 ea.",,$0.61 /100ml,"Regular price
$5.79  ea.","Valid until Feb 7, 2024",https://product-images.metro.ca/images/h3b/h98/11665311563806.jpg,https://www.metro.ca/en/online-grocery/search-page-403
SUMMER FRESH,Edamame Hummus With Cilantro And Jalapeño,255 g,"$4.49
 ea.",,$1.76 /100g,"Regular price
$6.29  ea.","Valid until Jan 17, 2024",https://product-images.metro.ca/images/h29/h46/10715204976670.jpg,https://www.metro.ca/en/online-grocery/search-page-403
REVOLUTION,Chilean Red Wine,1 L,"$13.99
 ea.",,$1.40 /100ml,"Regular price
$15.29  ea.","Valid until Feb 7, 2024",https://product-images.metro.ca/images/hb0/hd7/10399672500254.jpg,https://www.metro.ca/en/online-grocery/search-page-403
555,Basmati Rice,4.54 kg,"$18.99
 ea.",,$0.42 /100g,"Regular price
$20.99  ea.","Valid until Jan 24, 2024",https://product-images.metro.ca/images/hb2/h0e/9522396463134.jpg,https://www.metro.ca/en/online-grocery/search-page-403
SUMMER FRESH,Pasta Italiano Salad,800 g,"$10.49
 ea.",,$1.31 /100g,"Regular price
$12.49  ea.","Valid until Jan 17, 2024",https://product-images.metro.ca/images/hf8/hc9/9213106782238.jpg,https://www.metro.ca/en/online-grocery/search-page-403
IRRESISTIBLES,Frozen Cheesecake Assortment,12 un - 1 kg,"$25.49
 ea.",,$2.55 /100g,,,https://product-images.metro.ca/images/h28/h2d/8914572836894.jpg,https://www.metro.ca/en/online-grocery/search-page-403
DÉLICES D'AUTREFOIS,Homestyle Rosée Sauce,700 mL,"$7.79
 ea.",,$1.11 /100ml,,,https://product-images.metro.ca/images/h22/h7b/9668807393310.jpg,https://www.metro.ca/en/online-grocery/search-page-403
SELECTION,Beef Flavoured Instant Noodle Soup,65 g,"$1.00
 ea.",,$1.54 /100g,"Regular price
$1.29  ea.","Valid until Jan 24, 2024",https://product-images.metro.ca/images/h10/h57/9335448829982.jpg,https://www.metro.ca/en/online-grocery/search-page-403
LOACKER,Milk Chocolate Biscuits With Hazelnut Cream,100 g,"$4.49
 ea.",,$4.49 /100g,"Regular price
$4.99  ea.","Valid until Jan 24, 2024",https://product-images.metro.ca/images/hc5/ha7/10286958247966.jpg,https://www.metro.ca/en/online-grocery/search-page-403
HIGH LINER,Frozen Breaded Haddock Fish Sticks,350 g,"$8.99
 ea.",,$2.57 /100g,"Regular price
$10.99  ea.","Valid until Jan 17, 2024",https://product-images.metro.ca/images/ha6/hcd/10778617774110.jpg,https://www.metro.ca/en/online-grocery/search-page-403
CAMPBELL'S,Condensed Onion Soup,284 mL,"$2.29
 ea.",,$0.81 /100ml,"Regular price
$2.99  ea.","Valid until Jan 24, 2024",https://product-images.metro.ca/images/hcd/h9f/9522312282142.jpg,https://www.metro.ca/en/online-grocery/search-page-403
COMMENSAL,Country-Style Soup,600 mL,"$7.79
 ea.",,$1.30 /100ml,,,https://product-images.metro.ca/images/h21/h8c/10062205386782.jpg,https://www.metro.ca/en/online-grocery/search-page-403
CANTON,Sriracha Fondue And Dipping Sauce,180 mL,"2 / 
$7.00",,$1.94 /100ml,"Regular price
$3.99  ea.","Valid until Jan 24, 2024",https://product-images.metro.ca/images/h80/hd4/11088029745182.jpg,https://www.metro.ca/en/online-grocery/search-page-403
AURORA,Grapeseed Oil,750 mL,"$10.99
 ea.",,$1.47 /100ml,,,https://product-images.metro.ca/images/h3d/h16/11386213957662.jpg,https://www.metro.ca/en/online-grocery/search-page-403
SELECTION,Frozen Buffalo Chicken Wings,650 g,"$12.99
 ea.",,$2.00 /100g,,,https://product-images.metro.ca/images/h4c/h6d/11133613506590.jpg,https://www.metro.ca/en/online-grocery/search-page-403
DEL MONTE,Stewed Prunes,767 mL,"$7.49
 ea.",,$0.98 /100ml,,,https://product-images.metro.ca/images/ha0/hc8/10309900468254.jpg,https://www.metro.ca/en/online-grocery/search-page-403
DERLEA,Organic Garlic Puree,125 g,"$3.99
 ea.",,$3.19 /100g,,,https://product-images.metro.ca/images/h1b/h84/11257093062686.jpg,https://www.metro.ca/en/online-grocery/search-page-403
SELECTION,Extra Broad Egg Noodles,375 g,"$2.49
 ea.",,$0.66 /100g,"Regular price
$2.99  ea.","Valid until Jan 10, 2024",https://product-images.metro.ca/images/h8f/h03/9730747695134.jpg,https://www.metro.ca/en/online-grocery/search-page-404
FIVE ALIVE,Passionate Peach And Citrus Beverage,8x200 mL,"$4.79
 ea.",,$0.30 /100ml,,,https://product-images.metro.ca/images/h8b/h1a/10495760695326.jpg,https://www.metro.ca/en/online-grocery/search-page-404
,Coriander In A Pot,1 un,"$5.99
 ea.",,$5.99 /un.,,,https://product-images.metro.ca/images/h47/h20/11511568597022.jpg,https://www.metro.ca/en/online-grocery/search-page-404
STACY'S,Fire Roasted Jalapeño Pita Chips,208 g,"$4.99
 ea.",,$2.40 /100g,,,https://product-images.metro.ca/images/h67/hc2/10821283774494.jpg,https://www.metro.ca/en/online-grocery/search-page-404
SARDO,"Kalamata Olives, Deli Market",500 mL,"$6.99
 ea.",,$1.40 /100ml,,,,https://www.metro.ca/en/online-grocery/search-page-404
TIM HORTONS,Hazelnut Flavoured Ground Coffee,300 g,"$10.49
 ea.",,$3.50 /100g,,,https://product-images.metro.ca/images/hea/h70/12174915797022.jpg,https://www.metro.ca/en/online-grocery/search-page-404
MILK BONE,"Filet Mignon Flavoured Dog Treats, Soft & Chewy",113 g,"$2.99
 ea.",,$2.65 /100g,,,,https://www.metro.ca/en/online-grocery/search-page-404
PRÉSIDENT,Unsalted Cultured Butter,250 g,"$7.49
 ea.",,$3.00 /100g,,,https://product-images.metro.ca/images/hbf/h72/11574112092190.jpg,https://www.metro.ca/en/online-grocery/search-page-404
,Organic Green Zucchini,2 units per package,"$4.99
 ea.",,$2.50 /un.,,,https://product-images.metro.ca/images/h73/hd0/8913681186846.jpg,https://www.metro.ca/en/online-grocery/search-page-404
IRRESISTIBLES,Oven Ready Fresh Lasagna Pasta,350 g,"$4.49
 ea.",,$1.28 /100g,"Regular price
$4.99  ea.","Valid until Jan 17, 2024",https://product-images.metro.ca/images/h6b/h4d/11243911708702.jpg,https://www.metro.ca/en/online-grocery/search-page-404
MASTRO,Hot Calabrese Salami,300 g,"$10.99
 ea.",,$3.66 /100g,,,https://product-images.metro.ca/images/hdd/hef/11541128216606.jpg,https://www.metro.ca/en/online-grocery/search-page-404
TILDA,Pure Original Basmati Rice,907 g,"$7.79
 ea.",,$0.86 /100g,,,https://product-images.metro.ca/images/hf3/hba/11198075437086.jpg,https://www.metro.ca/en/online-grocery/search-page-404
BONNE MAMAN,Four Fruit Jam,250 mL,"$7.49
 ea.",,$3.00 /100ml,,,https://product-images.metro.ca/images/h54/ha4/9529973342238.jpg,https://www.metro.ca/en/online-grocery/search-page-404
LA PARISIENNE,Unscented Delicate Biodegradable Liquid Detergent,"38 brassées, 1.52 L","$6.79
 ea.",,$0.18 /load,,,https://product-images.metro.ca/images/h6a/hd8/8976837050398.jpg,https://www.metro.ca/en/online-grocery/search-page-404
FROMAGERIE PERRON,Aged Cheddar Cheese With 10 Years Port,170 g,"$9.29
 ea.",,$5.46 /100g,"Regular price
$9.99  ea.","Valid until Jan 17, 2024",https://product-images.metro.ca/images/h4d/h03/10239114641438.jpg,https://www.metro.ca/en/online-grocery/search-page-404
MOTT'S,"Zesty Tomato Clam Cocktail, Garden Cocktail",1.89 L,"$4.99
 ea.",,$0.26 /100ml,,,,https://www.metro.ca/en/online-grocery/search-page-404
SELECTION,"Soft Drink, Club Soda",2 L,"$2.29
 ea.",,$0.11 /100ml,,,,https://www.metro.ca/en/online-grocery/search-page-404
RAINCOAST CRISPS,Rosemary Raisin Pecan Crackers,150 g,"$5.99
 ea.",,$3.99 /100g,"Regular price
$7.99  ea.","Valid until Jan 24, 2024",https://product-images.metro.ca/images/hc0/h3b/10390733160478.jpg,https://www.metro.ca/en/online-grocery/search-page-404
QUAKER,Low-Fat Oatmeal Muffin Mix,900 g,"$4.49
 ea.",,$0.50 /100g,"Regular price
$5.99  ea.","Valid until Jan 10, 2024",https://product-images.metro.ca/images/h0d/h44/12279403544606.jpg,https://www.metro.ca/en/online-grocery/search-page-404
SELECTION,Sweetened Apple And Cinnamon Sauce,6x113 g,"3 / 
$6.00",,or $2.99 ea. $0.29 /100g,,"Valid until Feb 7, 2024",https://product-images.metro.ca/images/h37/h92/9973572370462.jpg,https://www.metro.ca/en/online-grocery/search-page-404
NUPASTA,Organic Pre-Cooked Konjac Spaghetti,210 g,"$3.49
 ea.",,$1.66 /100g,"Regular price
$4.99  ea.","Valid until Jan 24, 2024",https://product-images.metro.ca/images/h9d/hd6/12050720129054.jpg,https://www.metro.ca/en/online-grocery/search-page-404
LINDT,"Crunchy Caramel Milk Chocolate Bar, Excellence",100 g,"$5.29
 ea.",,$5.29 /100g,,"Valid until Jan 10, 2024",,https://www.metro.ca/en/online-grocery/search-page-404
KIKKOMAN,Soy Sauce,148 mL,"$6.49
 ea.",,$4.39 /100ml,,,https://product-images.metro.ca/images/hff/hab/9894722961438.jpg,https://www.metro.ca/en/online-grocery/search-page-404
BON MATIN,"12 Grains Sliced Bread, La Mie De L'Artisan",550 g,"$5.29
 ea.",,$0.96 /100g,,,,https://www.metro.ca/en/online-grocery/search-page-404
SELECTION,Barbecue Flavoured Peanuts,800 g,"$5.99
 ea.",,$0.75 /100g,"Regular price
$6.49  ea.","Valid until Jan 24, 2024",https://product-images.metro.ca/images/h7f/h3e/11521071972382.jpg,https://www.metro.ca/en/online-grocery/search-page-404
VH,Spicy Thai Chili Dipping Sauce,341 mL,"2 / 
$8.00",,$1.17 /100ml,"Regular price
$4.99  ea.","Valid until Jan 24, 2024",https://product-images.metro.ca/images/he3/hfc/9518905557022.jpg,https://www.metro.ca/en/online-grocery/search-page-404
BUDWEISER,Blonde Lager Beer,740 mL - can,"$5.49
 ea.",,$0.74 /100ml,,,https://product-images.metro.ca/images/h6e/h00/9466927710238.jpg,https://www.metro.ca/en/online-grocery/search-page-404
FROMAGERIE PERRON,Medium Cheddar Cheese,170 g,"$8.00
 ea.",,$4.71 /100g,"Regular price
$8.99  ea.","Valid until Jan 10, 2024",https://product-images.metro.ca/images/hbb/h14/8835036610590.jpg,https://www.metro.ca/en/online-grocery/search-page-404
,Endive,,"$1.58
 avg. ea.",(90 g avg.),$17.61 /kg$7.99 /lb.,,,https://product-images.metro.ca/images/hf9/h3f/8874223730718.jpg,https://www.metro.ca/en/online-grocery/search-page-404
IRRESISTIBLES,"Light Roast K-Cup Coffee Pods, Good Morning",30 un,"$15.99
 ea.",,$0.53 /un.,"Regular price
$16.99  ea.","Valid until Feb 7, 2024",,https://www.metro.ca/en/online-grocery/search-page-404
WHISKAS,"Tuna Flavoured Wet Cat Food In Gravy, Perfect Portions",75 g,"3 / 
$4.00",,$1.78 /100g,"Regular price
$1.79  ea.","Valid until Jan 24, 2024",,https://www.metro.ca/en/online-grocery/search-page-405
OXICLEAN,"Laundry Stain Remover Spray, MaxForce",354 ml,"$7.99
 ea.",,$2.26 /100ml,,,,https://www.metro.ca/en/online-grocery/search-page-405
,"Fresh Steelhead Trout Fillet, Value Pack",Around 1 fillet per tray,"$17.35
 avg. ea.",(450 g avg.),$38.56 /kg$17.49 /lb.,,,,https://www.metro.ca/en/online-grocery/search-page-405
IRRESISTIBLES,"Medium Roast T-Discs Coffee Pods, Colombian",14 un,"$9.79
 ea.",,$0.70 /un.,,,,https://www.metro.ca/en/online-grocery/search-page-405
WOWBUTTER,Creamy Toasted Soy Spread,500 g,"$6.79
 ea.",,$1.36 /100g,,,https://product-images.metro.ca/images/h77/hd8/12191706284062.jpg,https://www.metro.ca/en/online-grocery/search-page-405
HABITANT,Light Blueberry Spread,500 ml,"$4.99
 ea.",,$1.00 /100ml,,,https://product-images.metro.ca/images/hf9/h21/10486525624350.jpg,https://www.metro.ca/en/online-grocery/search-page-405
WEIGHT WATCHERS,"Signature Creamy Rigatoni With Chicken & Broccoli, S...",255 g,"3 / 
$10.00",,$1.31 /100g,"Regular price
$4.49  ea.","Valid until Feb 14, 2024",,https://www.metro.ca/en/online-grocery/search-page-405
ROBIN HOOD,Cake And Pastry Flour,2.5 kg,"$6.49
 ea.",,$0.26 /100g,"Regular price
$7.49  ea.","Valid until Feb 7, 2024",https://product-images.metro.ca/images/h1a/haa/10475412553758.jpg,https://www.metro.ca/en/online-grocery/search-page-405
MARZETTI,Mini Spinach Dip,85 g,"2 / 
$3.00",,$1.76 /100g,,,https://product-images.metro.ca/images/h65/h0d/9527191437342.jpg,https://www.metro.ca/en/online-grocery/search-page-405
GRISSOL,"Aged Cheddar Toasted Snack Bread, Baguettes",120 g,"$1.99
 ea.",,$1.66 /100g,"Regular price
$4.29  ea.","Valid until Jan 10, 2024",,https://www.metro.ca/en/online-grocery/search-page-405
LOACKER,"Hazelnut Flavoured Bite Size Wafer Cookies, Quadratini",250 g,"$5.79
 ea.",,$2.32 /100g,"Regular price
$5.99  ea.","Valid until Jan 24, 2024",,https://www.metro.ca/en/online-grocery/search-page-405
NUTRINOR,"2% Milk, Organic Nordic",2 L,"$7.99
 ea.",,$0.40 /100ml,,,,https://www.metro.ca/en/online-grocery/search-page-405
IRRESISTIBLES,Dark Roast Ground Coffee,925 g,"$15.99
 ea.",,$1.73 /100g,"Regular price
$16.99  ea.","Valid until Feb 7, 2024",https://product-images.metro.ca/images/h45/hc6/11257134317598.jpg,https://www.metro.ca/en/online-grocery/search-page-405
BLUE DRAGON,Rice Pancakes Spring Roll Wrappers,134 g,"$4.39
 ea.",,$3.28 /100g,,,https://product-images.metro.ca/images/h70/he7/9848557174814.jpg,https://www.metro.ca/en/online-grocery/search-page-405
LA BELLE BRETAGNE,Glazed Garlic Country-Style Pâté,150 g,"$4.69
 ea.",,$3.13 /100g,,,https://product-images.metro.ca/images/haf/h46/11292702146590.jpg,https://www.metro.ca/en/online-grocery/search-page-405
DARE,"Super Fruit Flavoured Gummies, Realfruit",180 g,"$3.49
 ea.",,$1.94 /100g,,,,https://www.metro.ca/en/online-grocery/search-page-405
CAT'S PRIDE,"Flushable Scented Cat Litter, Saular",8.1 kg,"$16.99
 ea.",,$0.21 /100g,"Regular price
$18.99  ea.","Valid until Jan 24, 2024",,https://www.metro.ca/en/online-grocery/search-page-405
FANTASTIK,Multi-Purpose Cleaning Spray With Bleach,650 mL,"$6.49
 ea.",,$1.00 /100ml,,,https://product-images.metro.ca/images/h8e/h20/10455864213534.jpg,https://www.metro.ca/en/online-grocery/search-page-405
ST-HUBERT,Carrot Salad,454 g,"$4.99
 ea.",,$1.10 /100g,"Regular price
$5.99  ea.","Valid until Jan 17, 2024",https://product-images.metro.ca/images/h5c/he8/11333005770782.jpg,https://www.metro.ca/en/online-grocery/search-page-405
SELECTION,Baby Dill Pickles With Garlic,1 L,"$3.79
 ea.",,$0.38 /100ml,"Regular price
$4.29  ea.","Valid until Jan 24, 2024",https://product-images.metro.ca/images/h63/h04/8822070870046.jpg,https://www.metro.ca/en/online-grocery/search-page-405
CEDAR,Yellow Peas,907 g,"$2.49
 ea.",,$0.27 /100g,,,https://product-images.metro.ca/images/h25/h57/8889076318238.jpg,https://www.metro.ca/en/online-grocery/search-page-405
BONNE MAMAN,Orange Marmalade,250 mL,"$7.49
 ea.",,$3.00 /100ml,,,https://product-images.metro.ca/images/hd5/h5b/9529931268126.jpg,https://www.metro.ca/en/online-grocery/search-page-405
ZIPLOC,Large Bags For Fresh Produce,15 un,"$5.99
 ea.",,$0.40 /un.,,,https://product-images.metro.ca/images/h4c/hac/11642897268766.jpg,https://www.metro.ca/en/online-grocery/search-page-405
RITTER SPORT,Dark Chocolate With Marzipan,100 g,"$3.49
 ea.",,$3.49 /100g,"Regular price
$4.49  ea.","Valid until Jan 24, 2024",https://product-images.metro.ca/images/hba/h3e/11849318170654.jpg,https://www.metro.ca/en/online-grocery/search-page-405
NEAL BROTHERS,Organic Mild Salsa,410 mL,"$6.49
 ea.",,$1.58 /100ml,,,https://product-images.metro.ca/images/hfb/hae/9519221866526.jpg,https://www.metro.ca/en/online-grocery/search-page-405
RITTER SPORT,Milk Chocolate With Raisins & Hazelnuts,100 g,"$3.49
 ea.",,$3.49 /100g,"Regular price
$4.49  ea.","Valid until Jan 24, 2024",https://product-images.metro.ca/images/h3a/h2f/11860653506590.jpg,https://www.metro.ca/en/online-grocery/search-page-405
JAMIESON,Vitamin B12,80 un,"$12.99
 ea.",,$0.16 /un.,,,https://product-images.metro.ca/images/h7a/h8d/11574115172382.jpg,https://www.metro.ca/en/online-grocery/search-page-405
LA MILANAISE,Organic Quick Oat Flakes,500 g,"$4.29
 ea.",,$0.86 /100g,,,https://product-images.metro.ca/images/hcf/h13/10792038793246.jpg,https://www.metro.ca/en/online-grocery/search-page-405
DR. OETKER,"Cooked Chocolate Pudding And Pie Filling Mix, Shirriff",180 g,"$2.49
 ea.",,$1.38 /100g,,,,https://www.metro.ca/en/online-grocery/search-page-405
TWININGS,Earl Grey Tea,50 un,"$9.99
 ea.",,$0.20 /un.,"Regular price
$10.99  ea.","Valid until Feb 7, 2024",https://product-images.metro.ca/images/h2e/h61/11665350164510.jpg,https://www.metro.ca/en/online-grocery/search-page-405
MCCAIN,"Frozen 5 Minute Shoestring Fries, Superfries",1.5 kg,"$9.99
 ea.",,$0.67 /100g,,,,https://www.metro.ca/en/online-grocery/search-page-406
ST-DONAT BAKERY,Queen Elizabeth Cake,450 g,"$10.99
 ea.",,$2.44 /100g,,,https://product-images.metro.ca/images/h63/h4a/11954575376414.jpg,https://www.metro.ca/en/online-grocery/search-page-406
OCEANIA,Shrimp Spread,160 g,"$3.99
 ea.",,$2.49 /100g,"Regular price
$4.49  ea.","Valid until Jan 17, 2024",https://product-images.metro.ca/images/h6a/h21/12018741444638.jpg,https://www.metro.ca/en/online-grocery/search-page-406
DR. OETKER,"Cooked Coconut Pudding And Pie Filling Mix, Shirriff",175 g,"$2.49
 ea.",,$1.42 /100g,,,,https://www.metro.ca/en/online-grocery/search-page-406
COMMENSAL,Tuscan Soup With Kale,600 mL,"$7.79
 ea.",,$1.30 /100ml,,,https://product-images.metro.ca/images/h94/h6d/10308021714974.jpg,https://www.metro.ca/en/online-grocery/search-page-406
CLOVER LEAF,Crabmeat,120 g,"$5.49
 ea.",,$4.57 /100g,,,https://product-images.metro.ca/images/hf1/hf8/11675979644958.jpg,https://www.metro.ca/en/online-grocery/search-page-406
FINISH,Powdered Dishwasher Detergent,17 loads - 1.8 kg,"$5.99
 ea.",,$0.33 /100g,"Regular price
$7.79  ea.","Valid until Feb 7, 2024",https://product-images.metro.ca/images/h73/ha0/8949255405598.jpg,https://www.metro.ca/en/online-grocery/search-page-406
ARCHIBALD,"Red Pale Ale Beer, La Chipie",473 mL - can,"$3.99
 ea.",,$0.84 /100ml,,,,https://www.metro.ca/en/online-grocery/search-page-406
PEPSI,"Soft Drinks, Throwback",12x355 mL,"$6.98
 ea.",,$0.16 /100ml,"Regular price
$7.99  ea.","Valid until Jan 10, 2024",,https://www.metro.ca/en/online-grocery/search-page-406
TIPIAK,Quick Couscous,500 g,"$5.49
 ea.",,$1.10 /100g,"Regular price
$6.99  ea.","Valid until Jan 24, 2024",https://product-images.metro.ca/images/hbb/h92/9640202829854.jpg,https://www.metro.ca/en/online-grocery/search-page-406
BOB'S RED MILL,Gluten Free Whole Ground Flaxseed Meal,453 g,"$7.29
 ea.",,$1.61 /100g,,,https://product-images.metro.ca/images/h7e/hb6/9075203178526.jpg,https://www.metro.ca/en/online-grocery/search-page-406
SUNRISE,Coconut Flavoured Dessert Tofu,2x150 g,"$1.99
 ea.",,$0.66 /100g,,,https://product-images.metro.ca/images/hd3/hfb/9518656618526.jpg,https://www.metro.ca/en/online-grocery/search-page-406
,Yellow Potatoes,5 lb,"$6.99
 ea.",,$0.31 /100g,,,https://product-images.metro.ca/images/h86/hbc/8973431537694.jpg,https://www.metro.ca/en/online-grocery/search-page-406
LELARGE,Marinated Artichoke Hearts,170 mL,"$2.49
 ea.",,$1.46 /100ml,"Regular price
$2.99  ea.","Valid until Jan 24, 2024",https://product-images.metro.ca/images/hc4/h6b/9559052746782.jpg,https://www.metro.ca/en/online-grocery/search-page-406
AKI SUSHI,Crab And Shrimp Poke Bowl,352 g,"$15.99
 ea.",,$4.54 /100g,,,https://product-images.metro.ca/images/hbd/h91/11195830239262.jpg,https://www.metro.ca/en/online-grocery/search-page-406
SÉLECTION CHÂTENOIS,Canadian White Wine,1 L,"$12.49
 ea.",,$1.25 /100ml,,,https://product-images.metro.ca/images/h24/h6c/12210120196126.jpg,https://www.metro.ca/en/online-grocery/search-page-406
CHOCOLATS FAVORIS,Original Dark Chocolate Fondue,215 g,"$8.99
 ea.",,$4.18 /100g,,,https://product-images.metro.ca/images/hb6/h8f/10333754654750.jpg,https://www.metro.ca/en/online-grocery/search-page-406
ARTE NOVA,Australian White Wine,1 L,"$12.99
 ea.",,$1.30 /100ml,,,https://product-images.metro.ca/images/h05/hc8/11432650407966.jpg,https://www.metro.ca/en/online-grocery/search-page-406
IRRESISTIBLES,Coarse Black Pepper,50 g,"$4.49
 ea.",,$8.98 /100g,,,https://product-images.metro.ca/images/hf3/h12/12122171179038.jpg,https://www.metro.ca/en/online-grocery/search-page-406
AU QUOTIDIEN,Quebec White Wine,1 L,"$9.79
 ea.",,$0.98 /100ml,"Regular price
$11.29  ea.","Valid until Feb 7, 2024",https://product-images.metro.ca/images/hf6/h7f/10498093219870.jpg,https://www.metro.ca/en/online-grocery/search-page-406
CANADA DRY,Ginger Ale,500 mL,"$2.99
 ea.",,$0.60 /100ml,,,https://product-images.metro.ca/images/h29/h9a/11349038956574.jpg,https://www.metro.ca/en/online-grocery/search-page-406
IRRESISTIBLES,Earl Grey Tea Bags,48 un,"$3.29
 ea.",,$0.07 /un.,"Regular price
$4.19  ea.","Valid until Feb 7, 2024",https://product-images.metro.ca/images/h99/h49/8959491997726.jpg,https://www.metro.ca/en/online-grocery/search-page-406
CEDAR,Fava Beans,540 mL,"$1.99
 ea.",,$0.37 /100ml,"Regular price
$2.39  ea.","Valid until Jan 24, 2024",https://product-images.metro.ca/images/hd0/h37/11590613237790.jpg,https://www.metro.ca/en/online-grocery/search-page-406
NUTRI,Large White Eggs,12 un,"$3.99
 ea.",,$0.33 /un.,,,https://product-images.metro.ca/images/h7b/h03/10212089364510.jpg,https://www.metro.ca/en/online-grocery/search-page-406
CANADA DRY,Low Sodium Club Soda,12x355 mL,"$6.98
 ea.",,$0.16 /100ml,"Regular price
$7.99  ea.","Valid until Jan 10, 2024",https://product-images.metro.ca/images/hb6/h1c/12018720178206.jpg,https://www.metro.ca/en/online-grocery/search-page-406
BRETON,"Original Flavour Bite-Size Cracker Packs, Bouchées",132 g,"$1.99
 ea.",,$1.51 /100g,"Regular price
$4.29  ea.","Valid until Jan 10, 2024",,https://www.metro.ca/en/online-grocery/search-page-406
METROGO!,Watermelon Salad,Large,"$3.99
 ea.",,$0.76 /100g,,,https://product-images.metro.ca/images/h43/h1f/8894019895326.jpg,https://www.metro.ca/en/online-grocery/search-page-406
KRONENBOURG 1664,"Flavoured French White Beer, Blanc",12x330 mL - bottles,"$22.99
 ea.",,$0.58 /100ml,"Regular price
$25.99  ea.","Valid until Jan 10, 2024",,https://www.metro.ca/en/online-grocery/search-page-406
IRRESISTIBLES,Rice Vinegar,500 mL,"$3.99
 ea.",,$0.80 /100ml,"Regular price
$4.29  ea.","Valid until Feb 7, 2024",https://product-images.metro.ca/images/h90/h9c/9098505846814.jpg,https://www.metro.ca/en/online-grocery/search-page-406
SWIFFER,"Mopping Pad Refills, WetJet",12 un,"$10.99
 ea.",,$0.92 /un.,,,,https://www.metro.ca/en/online-grocery/search-page-406
MAGNUM,Chocolate Coated Double Raspberry Flavoured Ice Crea...,3x90 mL,"$7.99
 ea.",,$2.96 /100ml,,,,https://www.metro.ca/en/online-grocery/search-page-407
NATURE'S PATH,Organic And Gluten Free Crunchy Maple Cereal,300 g,"$5.49
 ea.",,$1.83 /100g,"Regular price
$7.49  ea.","Valid until Feb 7, 2024",https://product-images.metro.ca/images/h43/hf9/11492972986398.jpg,https://www.metro.ca/en/online-grocery/search-page-407
XTRAFLAME,Firewood,1 un,"$10.99
 ea.",,$10.99 /un.,,,https://product-images.metro.ca/images/h2f/h74/10180413227038.jpg,https://www.metro.ca/en/online-grocery/search-page-407
FROMAGERIE BERGERON,Louis Cyr Strong Lactose Free Firm Ripened Cheese,170 g,"$8.49
 ea.",,$4.99 /100g,"Regular price
$9.99  ea.","Valid until Jan 10, 2024",https://product-images.metro.ca/images/hce/h78/11511594385438.jpg,https://www.metro.ca/en/online-grocery/search-page-407
LA MILANAISE,Organic Oat Flakes,500 g,"$4.29
 ea.",,$0.86 /100g,,,https://product-images.metro.ca/images/h61/hef/10792036991006.jpg,https://www.metro.ca/en/online-grocery/search-page-407
DIVINA KRUNCH,"Flaxseed, Walnut, Pecans, Sesame And Hazelnuts Grano...",400 g,"$7.49
 ea.",,$1.87 /100g,,,,https://www.metro.ca/en/online-grocery/search-page-407
NESTEA,"Zero Calorie Flavoured Iced Tea, Lemon Zero",12x341 mL,"$8.99
 ea.",,$0.22 /100ml,,,,https://www.metro.ca/en/online-grocery/search-page-407
ST-HUBERT,Frozen Chicken Pot Pies,2x235 g,"$8.99
 ea.",,$1.91 /100g,"Regular price
$9.99  ea.","Valid until Jan 10, 2024",https://product-images.metro.ca/images/h79/h8a/10123738152990.jpg,https://www.metro.ca/en/online-grocery/search-page-407
RED BULL,Energy Drink,4x250 mL,"$8.99
 ea.",,$0.90 /100ml,"Regular price
$11.49  ea.","Valid until Jan 24, 2024",https://product-images.metro.ca/images/h8b/h94/10303266127902.jpg,https://www.metro.ca/en/online-grocery/search-page-407
MRS. CUBBISON'S,Garlic Pepper Crispy Onions,99 g,"$3.49
 ea.",,$3.53 /100g,"Regular price
$4.19  ea.","Valid until Jan 24, 2024",https://product-images.metro.ca/images/hbf/h9b/9530186563614.jpg,https://www.metro.ca/en/online-grocery/search-page-407
LECLERC,"Chocolate Tango Flavoured Indulgent Squares, Choco Max",192 g,"$1.77
 ea.",,$0.92 /100g,"Regular price
$3.79  ea.","Valid until Jan 10, 2024",,https://www.metro.ca/en/online-grocery/search-page-407
SENSODYNE,Deep Clean Toothpaste For Sensitive Teeth,100 mL,"$5.99
 ea.",,$5.99 /100ml,,,https://product-images.metro.ca/images/h2c/haf/11541063041054.jpg,https://www.metro.ca/en/online-grocery/search-page-407
EARTH BALANCE,Original Traditional Spread,425 g,"$8.79
 ea.",,$2.07 /100g,,,https://product-images.metro.ca/images/hab/h01/11574082011166.jpg,https://www.metro.ca/en/online-grocery/search-page-407
IRRESISTIBLES,Corn And Black Bean Salsa,430 mL,"$5.49
 ea.",,$1.28 /100ml,,,https://product-images.metro.ca/images/h69/ha7/8855719051294.jpg,https://www.metro.ca/en/online-grocery/search-page-407
VAN HOUTTE,Colombian Medium Ground Coffee,340 g,"$9.99
 ea.",,$2.94 /100g,"Regular price
$10.99  ea.","Valid until Feb 7, 2024",https://product-images.metro.ca/images/h30/he4/11292698476574.jpg,https://www.metro.ca/en/online-grocery/search-page-407
ARCHIBALD,"Blonde Ale Beer, La Matante",473 mL - can,"$3.99
 ea.",,$0.84 /100ml,,,,https://www.metro.ca/en/online-grocery/search-page-407
MCCAIN,Frozen Three Cheese Pizza Pockets,600 g,"$7.79
 ea.",,$1.30 /100g,"Regular price
$8.99  ea.","Valid until Feb 14, 2024",https://product-images.metro.ca/images/h56/h4d/12227454402590.jpg,https://www.metro.ca/en/online-grocery/search-page-407
AMY'S,Frozen Organic Pad Thai,269 g,"$7.99
 ea.",,$2.97 /100g,,,https://product-images.metro.ca/images/hed/hdf/11244006834206.jpg,https://www.metro.ca/en/online-grocery/search-page-407
WHISKAS,Chicken Flavoured Premium Cat Paté,100 g,"$1.79
 ea.",,$1.79 /100g,,,https://product-images.metro.ca/images/hf7/hb9/12122089488414.jpg,https://www.metro.ca/en/online-grocery/search-page-407
,Organic Pepper Squash,,"$4.61
 avg. ea.",(778 g avg.),$5.93 /kg$2.69 /lb.,,,https://product-images.metro.ca/images/hda/hf6/9335906107422.jpg,https://www.metro.ca/en/online-grocery/search-page-407
LINDT,Hazelnut Milk Chocolate Spread,200g,"$7.49
 ea.",,$3.75 /100g,,,https://product-images.metro.ca/images/hb3/h9e/10184062337054.jpg,https://www.metro.ca/en/online-grocery/search-page-407
CLUB HOUSE,"Italiano Seasoning, Signature Blends",123 g,"$6.49
 ea.",,$5.28 /100g,,,,https://www.metro.ca/en/online-grocery/search-page-407
VOORTMAN,Lemon Wafers,300 g,"2 / 
$5.00",,$0.83 /100g,"Regular price
$3.49  ea.","Valid until Jan 24, 2024",https://product-images.metro.ca/images/h53/hb6/10959347712030.jpg,https://www.metro.ca/en/online-grocery/search-page-407
NATUR-A,Strawberry Flavoured Organic Fortified Soy Beverage,3x200 mL,"$3.29
 ea.",,$0.55 /100ml,"Regular price
$3.79  ea.","Valid until Feb 7, 2024",https://product-images.metro.ca/images/h39/hd4/10433050476574.jpg,https://www.metro.ca/en/online-grocery/search-page-407
SELECTION,De-Alcoholized Lager Beer,12x355 mL - cans,"$8.49
 ea.",,$0.20 /100ml,,,https://product-images.metro.ca/images/h23/h32/8975582035998.jpg,https://www.metro.ca/en/online-grocery/search-page-407
DION,Bay Leaves,10 g,"$3.69
 ea.",,$36.90 /100g,"Regular price
$4.69  ea.","Valid until Feb 7, 2024",https://product-images.metro.ca/images/h2e/hc4/10239156944926.jpg,https://www.metro.ca/en/online-grocery/search-page-407
PLAISIRS GASTRONOMIQUES,Meat Pie,1 kg,"$14.99
 ea.",,$1.50 /100g,,,https://product-images.metro.ca/images/h60/h29/9529878675486.jpg,https://www.metro.ca/en/online-grocery/search-page-407
RIO MARE,"Beans & Light Tuna Salad, Insalatissime",160 g,"$5.29
 ea.",,$3.31 /100g,,,,https://www.metro.ca/en/online-grocery/search-page-407
GRISSOL,Whole Wheat Melba Toast With Honey,350 g,"$5.29
 ea.",,$1.51 /100g,"Regular price
$6.49  ea.","Valid until Jan 24, 2024",https://product-images.metro.ca/images/h2f/h89/10433025835038.jpg,https://www.metro.ca/en/online-grocery/search-page-407
LACTANTIA,35% Lactose Free Whipping Cream,473 mL,"$4.99
 ea.",,$1.05 /100ml,"Regular price
$6.29  ea.","Valid until Feb 14, 2024",https://product-images.metro.ca/images/hec/hea/11307118231582.jpg,https://www.metro.ca/en/online-grocery/search-page-407
OLIVIERI,3 Cheese Rainbow Tortellini,700 g,"$11.49
 ea.",,$1.64 /100g,,,https://product-images.metro.ca/images/hfe/h73/10727317602334.jpg,https://www.metro.ca/en/online-grocery/search-page-408
LA MILANAISE,Organic Unbleached All-Purpose White Flour,2 kg,"$9.49
 ea.",,$0.47 /100g,,,https://product-images.metro.ca/images/h55/h06/9927549583390.jpg,https://www.metro.ca/en/online-grocery/search-page-408
SELECTION,Creamed Honey,500 g,"$8.49
 ea.",,$1.70 /100g,,,https://product-images.metro.ca/images/h44/h8d/9684986265630.jpg,https://www.metro.ca/en/online-grocery/search-page-408
ST-HUBERT,Frozen Hot Chicken Pot Pie,825 g,"$12.99
 ea.",,$1.57 /100g,"Regular price
$13.99  ea.","Valid until Jan 10, 2024",https://product-images.metro.ca/images/hd1/hf3/10123659378718.jpg,https://www.metro.ca/en/online-grocery/search-page-408
STACY'S,Multigrain Sea Salt Pita Chips,227 g,"$4.99
 ea.",,$2.20 /100g,,,https://product-images.metro.ca/images/h96/h27/10821282168862.jpg,https://www.metro.ca/en/online-grocery/search-page-408
ARLA,"Light Feta Cheese Cubes, Apetina",200 g,"$8.49
 ea.",,$4.25 /100g,,,,https://www.metro.ca/en/online-grocery/search-page-408
E.D.SMITH,Syrup Sweetened With Sucralose,375 mL,"$4.99
 ea.",,$1.33 /100ml,,,https://product-images.metro.ca/images/hd1/he9/11068800368670.jpg,https://www.metro.ca/en/online-grocery/search-page-408
,Pork Ribeye Roast,,"$5.99
 avg. ea.",(400 g avg.),$14.97 /kg$6.79 /lb.,,,https://product-images.metro.ca/images/h21/h76/9233873010718.jpg,https://www.metro.ca/en/online-grocery/search-page-408
NUTS TO YOU NUT BUTTER,Organic Fair Trade Smooth Sesame Tahini,500 g,"$8.79
 ea.",,$1.76 /100g,"Regular price
$9.49  ea.","Valid until Feb 7, 2024",https://product-images.metro.ca/images/h45/h22/11412537671710.jpg,https://www.metro.ca/en/online-grocery/search-page-408
CLIF BAR,Chocolate Chip Energy Bar,68 g,"$2.19
 ea.",,$3.22 /100g,,,https://product-images.metro.ca/images/h09/hbe/11540935868446.jpg,https://www.metro.ca/en/online-grocery/search-page-408
DEL MONTE,Mixed Fruit Salad With Extra Cherries,796 mL,"$5.99
 ea.",,$0.75 /100ml,,,https://product-images.metro.ca/images/h1e/ha0/10309911347230.jpg,https://www.metro.ca/en/online-grocery/search-page-408
OLD EL PASO,Whole Grain Soft Taco Dinner Kit,354 g,"$6.99
 ea.",,$1.97 /100g,,,https://product-images.metro.ca/images/h50/h5a/12354361262110.jpg,https://www.metro.ca/en/online-grocery/search-page-408
WONG WING,Frozen Honey Garlic Pork,"2 servings, 400 g","$8.99
 ea.",,$2.25 /100g,,,https://product-images.metro.ca/images/ha3/h49/11274271719454.jpg,https://www.metro.ca/en/online-grocery/search-page-408
MARCANGELO,Italian Delicatessen,200 g,"$12.99
 ea.",,$6.50 /100g,,,https://product-images.metro.ca/images/h77/h6f/8981079228446.jpg,https://www.metro.ca/en/online-grocery/search-page-408
OLIVIERI,Skillet Gnocchi Stuffed With Real Cheese,280 g,"$6.99
 ea.",,$2.50 /100g,,,https://product-images.metro.ca/images/h17/h09/10486560587806.jpg,https://www.metro.ca/en/online-grocery/search-page-408
FIVE ALIVE,Citrus Beverage,8x200 mL,"$4.79
 ea.",,$0.30 /100ml,,,https://product-images.metro.ca/images/h9b/h41/10495759679518.jpg,https://www.metro.ca/en/online-grocery/search-page-408
FLATOUT,5 Grains And Flax Artisan Flatbreads,255 g,"$5.19
 ea.",,$2.04 /100g,,,https://product-images.metro.ca/images/hca/h1e/11541035188254.jpg,https://www.metro.ca/en/online-grocery/search-page-408
CHARRAS,Corn Tostada,397 g,"$5.29
 ea.",,$1.51 /100g,,,https://product-images.metro.ca/images/hd6/had/9533096656926.jpg,https://www.metro.ca/en/online-grocery/search-page-408
JANES,Frozen English Style Fish,450 g,"$10.99
 ea.",,$2.44 /100g,"Regular price
$13.99  ea.","Valid until Jan 17, 2024",https://product-images.metro.ca/images/h90/hf3/10201551110174.jpg,https://www.metro.ca/en/online-grocery/search-page-408
GIORGIO,Meat Sauce,900 mL,"$7.29
 ea.",,$0.81 /100ml,,,https://product-images.metro.ca/images/h1f/hb0/9533095313438.jpg,https://www.metro.ca/en/online-grocery/search-page-408
BACARDI+,"Pineapple Flavoured Alcoholic Beverage, Breezer",473 mL,"2 / 
$7.00",,$0.74 /100ml,"Regular price
$3.59  ea.","Valid until Feb 7, 2024",,https://www.metro.ca/en/online-grocery/search-page-408
IRRESISTIBLES,"Organic Tomato Ketchup, Organic",575 mL,"$4.99
 ea.",,$0.87 /100ml,,,,https://www.metro.ca/en/online-grocery/search-page-408
CHAPMAN'S,Salty Caramel And Vanilla Bean Frozen Yogurt,2 L,"$6.29
 ea.",,$0.31 /100ml,"Regular price
$7.99  ea.","Valid until Feb 14, 2024",https://product-images.metro.ca/images/hb5/h5e/10250323689502.jpg,https://www.metro.ca/en/online-grocery/search-page-408
WONG WING,Frozen Egg Roll Covers,454 g,"$4.99
 ea.",,$1.10 /100g,"Regular price
$5.49  ea.","Valid until Jan 10, 2024",https://product-images.metro.ca/images/h72/he0/8822867394590.jpg,https://www.metro.ca/en/online-grocery/search-page-408
NUTRI,"Large White Eggs, Select",12 un,"$6.29
 ea.",,$0.52 /un.,,,,https://www.metro.ca/en/online-grocery/search-page-408
DELVERDE,Fettuccine A Nido N°81,250 g,"2 / 
$5.00",,$1.00 /100g,"Regular price
$3.49  ea.","Valid until Jan 24, 2024",https://product-images.metro.ca/images/hdb/hee/9530098090014.jpg,https://www.metro.ca/en/online-grocery/search-page-408
KRONENBOURG 1664,"Red Fruits Flavoured French White Beer, Blanc",6x330 mL - bottles,"$14.99
 ea.",,$0.76 /100ml,,,,https://www.metro.ca/en/online-grocery/search-page-408
CANADA DRY,Diet Ginger Ale,2 L,"$3.69
 ea.",,$0.18 /100ml,,,https://product-images.metro.ca/images/h2c/h42/11540997701662.jpg,https://www.metro.ca/en/online-grocery/search-page-408
ANCHOR'S BAY,Frozen Precooked Mussel Meat,340 g,"$5.99
 ea.",,$1.76 /100g,,,https://product-images.metro.ca/images/hfc/h41/9680456089630.jpg,https://www.metro.ca/en/online-grocery/search-page-408
ST-DONAT BAKERY,Raspberry And Creamy Fudge Pie,570 g,"$10.99
 ea.",,$1.93 /100g,,,https://product-images.metro.ca/images/h51/he6/11541043839006.jpg,https://www.metro.ca/en/online-grocery/search-page-408
NANUK,Frozen Sliced Smoked Pacific Sockeye Salmon,225 g,"$30.99
 ea.",,$13.65 /100g,,,https://product-images.metro.ca/images/h7c/h1a/9760820920350.jpg,https://www.metro.ca/en/online-grocery/search-page-409
COCA-COLA,"Zero Calorie Soft Drink, Zero Sugar",6x710 mL,"$6.99
 ea.",,$0.16 /100ml,,,,https://www.metro.ca/en/online-grocery/search-page-409
SCHWEPPES,Tonic Water,2 L,"2 / 
$6.00",,$0.15 /100ml,"Regular price
$3.49  ea.","Valid until Jan 24, 2024",https://product-images.metro.ca/images/h6c/h21/9836169953310.jpg,https://www.metro.ca/en/online-grocery/search-page-409
FEBREZE,Antibacterial Fabric Refresher Spray,800 mL,"$7.99
 ea.",,$1.00 /100ml,,,https://product-images.metro.ca/images/h6a/h92/10784633749534.jpg,https://www.metro.ca/en/online-grocery/search-page-409
,Yellow Pearl Onions,175 g,"2 / 
$5.00",,$1.43 /100g,"Regular price
$3.49  ea.","Valid until Jan 17, 2024",https://product-images.metro.ca/images/h71/h82/11511569383454.jpg,https://www.metro.ca/en/online-grocery/search-page-409
BUD LIGHT,Light Blonde Lager Beer,12x355 mL - cans,"$21.99
 ea.",,$0.52 /100ml,,,https://product-images.metro.ca/images/h55/h4e/10498090008606.jpg,https://www.metro.ca/en/online-grocery/search-page-409
OLIVIERI,Beef Tortellini,700 g,"$11.49
 ea.",,$1.64 /100g,,,https://product-images.metro.ca/images/h6e/ha9/10727316684830.jpg,https://www.metro.ca/en/online-grocery/search-page-409
HERTEL,Jasmine And Lavender All-Purpose Cleaning Spray,700 ml,"$4.39
 ea.",,$0.63 /100ml,,,https://product-images.metro.ca/images/hee/h03/11761458053150.jpg,https://www.metro.ca/en/online-grocery/search-page-409
NANDO'S,Medium Peri-Peri Hot Sauce,250 mL,"$6.29
 ea.",,$2.52 /100ml,"Regular price
$7.99  ea.","Valid until Jan 24, 2024",https://product-images.metro.ca/images/hae/hc1/12191717556254.jpg,https://www.metro.ca/en/online-grocery/search-page-409
SARDO,"Pitted Kalamata Olives, Deli Market",250 mL,"$6.99
 ea.",,$2.80 /100ml,,,,https://www.metro.ca/en/online-grocery/search-page-409
YVES VEGGIE CUISINE,Vegan Ham,155 g,"2 / 
$9.00",,$2.90 /100g,"Regular price
$5.69  ea.","Valid until Jan 17, 2024",https://product-images.metro.ca/images/h2b/heb/11849350283294.jpg,https://www.metro.ca/en/online-grocery/search-page-409
IRRESISTIBLES,Waffle Bowls For Ice Cream,10 un,"$3.99
 ea.",,$0.40 /un.,"Regular price
$4.29  ea.","Valid until Jan 24, 2024",https://product-images.metro.ca/images/h51/h6b/9883061911582.jpg,https://www.metro.ca/en/online-grocery/search-page-409
CARLING,"Lager Beer, Black Label",6x355 mL - cans,"$9.99
 ea.",,$0.47 /100ml,,,,https://www.metro.ca/en/online-grocery/search-page-409
IVORY,Original Soap Bars,3x90 g,"$4.49
 ea.",,$1.66 /100g,,,https://product-images.metro.ca/images/he8/h29/12018699894814.jpg,https://www.metro.ca/en/online-grocery/search-page-409
NESQUIK,Reduced Sugar Chocolate Syrup,510 mL,"$5.99
 ea.",,$1.17 /100ml,"Regular price
$6.79  ea.","Valid until Feb 7, 2024",https://product-images.metro.ca/images/h47/h04/10121091219486.jpg,https://www.metro.ca/en/online-grocery/search-page-409
M&M'S,Milk Chocolate Candies With Peanuts,49 g,"$1.69
 ea.",,$3.45 /100g,,,https://product-images.metro.ca/images/hab/hff/9518417477662.jpg,https://www.metro.ca/en/online-grocery/search-page-409
IRRESISTIBLES,Old Style Prepared Mustard,500 mL,"$4.99
 ea.",,$1.00 /100ml,,,https://product-images.metro.ca/images/h5b/hac/11521132855326.jpg,https://www.metro.ca/en/online-grocery/search-page-409
SELECTION,Sierra Mountain Trail Mix,300 g,"$5.49
 ea.",,$1.83 /100g,,,https://product-images.metro.ca/images/h27/hc9/11521064632350.jpg,https://www.metro.ca/en/online-grocery/search-page-409
PASTENE,Flat Fillets Of Anchovies In Olive Oil,48 g,"$4.49
 ea.",,$9.35 /100g,,,https://product-images.metro.ca/images/h97/h00/11574091350046.jpg,https://www.metro.ca/en/online-grocery/search-page-409
IRRESISTIBLES,Lemon Sorbet,946 mL,"$5.49
 ea.",,$0.58 /100ml,"Regular price
$5.99  ea.","Valid until Feb 14, 2024",https://product-images.metro.ca/images/h2d/hf1/11521309179934.jpg,https://www.metro.ca/en/online-grocery/search-page-409
IRRESISTIBLES,House Blend Ground Coffee,340 g,"$6.99
 ea.",,$2.06 /100g,"Regular price
$8.49  ea.","Valid until Jan 10, 2024",https://product-images.metro.ca/images/h64/h2c/9041580359710.jpg,https://www.metro.ca/en/online-grocery/search-page-409
MATT & STEVE'S,"Garlic & Dill Pickled Beans, The Extreme Bean",500 mL,"$5.49
 ea.",,$1.10 /100ml,"Regular price
$6.29  ea.","Valid until Jan 24, 2024",,https://www.metro.ca/en/online-grocery/search-page-409
BACARDI+,"Spritzer Lemonade Flavoured Alcoholic Beverage, Breezer",473 mL,"2 / 
$7.00",,$0.74 /100ml,"Regular price
$3.59  ea.","Valid until Feb 7, 2024",,https://www.metro.ca/en/online-grocery/search-page-409
RUFFLES,Ranch Dip,425 g,"$5.79
 ea.",,$1.36 /100g,,,https://product-images.metro.ca/images/h76/h65/11860658847774.jpg,https://www.metro.ca/en/online-grocery/search-page-409
VH,"Garlic Hoisin Stir-Fry Sauce, Chinese",355 mL,"2 / 
$8.00",,$1.13 /100ml,"Regular price
$4.69  ea.","Valid until Jan 24, 2024",,https://www.metro.ca/en/online-grocery/search-page-409
EASY-OFF,Lemon Scented Heavy Duty Oven Cleaner,400 g,"$8.49
 ea.",,$2.12 /100g,,,https://product-images.metro.ca/images/h25/h50/9719464165406.jpg,https://www.metro.ca/en/online-grocery/search-page-409
COATICOOK,"Pecan Nuts, Chocolate And Double Caramel Flavoured O...",1.5 L,"$7.49
 ea.",,$0.50 /100ml,,,,https://www.metro.ca/en/online-grocery/search-page-409
VAN HOUTTE,"Original House Blend Decaffeinated Ground Coffee, Cl...",340 g,"$9.99
 ea.",,$2.94 /100g,"Regular price
$10.99  ea.","Valid until Feb 7, 2024",,https://www.metro.ca/en/online-grocery/search-page-409
IRRESISTIBLES,Sweet Potato & Duck Twists Dog Treats,227 g,"$6.99
 ea.",,$3.08 /100g,"Regular price
$7.99  ea.","Valid until Jan 10, 2024",https://product-images.metro.ca/images/hd6/hf6/9421288636446.jpg,https://www.metro.ca/en/online-grocery/search-page-409
NESTLÉ,"Milk Chocolate Bar, Aero",97 g,"$2.49
 ea.",,$2.57 /100g,"Regular price
$3.49  ea.","Valid until Jan 10, 2024",,https://www.metro.ca/en/online-grocery/search-page-410
DEL MONTE,Fruit Cocktail In Water With No Added Sugar,796 mL,"$5.99
 ea.",,$0.75 /100ml,,,https://product-images.metro.ca/images/h1b/h22/10309908856862.jpg,https://www.metro.ca/en/online-grocery/search-page-410
VAN HOUTTE,"Medium Roast K-Cup Coffee Pods, House Blend",12 un,"$9.99
 ea.",,$0.83 /un.,"Regular price
$11.99  ea.","Valid until Feb 7, 2024",,https://www.metro.ca/en/online-grocery/search-page-410
TEMPTATIONS,"Free Range Chicken Flavoured Cat Treats, Mega-Pack",160 g,"$3.79
 ea.",,$2.37 /100g,"Regular price
$4.79  ea.","Valid until Jan 24, 2024",,https://www.metro.ca/en/online-grocery/search-page-410
IRRESISTIBLES,Bloody Caesar Flavoured Cocktail Sauce,250 mL,"$4.49
 ea.",,$1.80 /100ml,"Regular price
$4.99  ea.","Valid until Jan 17, 2024",https://product-images.metro.ca/images/hbb/h09/9519217606686.jpg,https://www.metro.ca/en/online-grocery/search-page-410
MUTTI,Strained Tomatoes With Basil,680 mL,"$4.69
 ea.",,$0.69 /100ml,"Regular price
$5.79  ea.","Valid until Jan 24, 2024",https://product-images.metro.ca/images/h91/h80/9128875425822.jpg,https://www.metro.ca/en/online-grocery/search-page-410
CANADA DRY,Cranberry Ginger Ale,6x222 ml,"2 / 
$8.00",,$0.30 /100ml,"Regular price
$5.79  ea.","Valid until Jan 24, 2024",https://product-images.metro.ca/images/h43/hc9/11641400819742.jpg,https://www.metro.ca/en/online-grocery/search-page-410
,Jalapeño Peppers,70 g,"$3.99
 ea.",,$5.70 /100g,,,https://product-images.metro.ca/images/hea/h18/11511566794782.jpg,https://www.metro.ca/en/online-grocery/search-page-410
IRRESISTIBLES,"Brie Cheese, Artisan",1 piece,"$6.70
 avg. ea.",(192 g avg.),$34.90 /kg$15.83 /lb.,"Regular price
$35.90  avg. kg","Valid until Jan 17, 2024",,https://www.metro.ca/en/online-grocery/search-page-410
BROME LAKE DUCKS,Boneless Skin On Duck Breast,,"$11.57
 avg. ea.",(250 g avg.),$46.27 /kg$20.99 /lb.,,,https://product-images.metro.ca/images/h7c/h6c/9246667538462.jpg,https://www.metro.ca/en/online-grocery/search-page-410
BOOST,Chocolate Flavoured Meal Replacement,6x237 mL,"$14.99
 ea.",,$1.05 /100ml,"Regular price
$16.99  ea.","Valid until Feb 7, 2024",https://product-images.metro.ca/images/h76/h74/10715156938782.jpg,https://www.metro.ca/en/online-grocery/search-page-410
KONTOS,Gyros Style Naan Bread,397 g,"$4.49
 ea.",,$1.13 /100g,"Regular price
$4.99  ea.","Valid until Jan 17, 2024",https://product-images.metro.ca/images/hfd/hcd/9760838320158.jpg,https://www.metro.ca/en/online-grocery/search-page-410
ENERGIZER,"9V Alkaline Batteries, Max",2 un,"$11.49
 ea.",,$5.75 /un.,,,,https://www.metro.ca/en/online-grocery/search-page-410
FARKAY,Chinese Chow Mein Noodles,397 g,"$4.99
 ea.",,$1.26 /100g,"Regular price
$6.99  ea.","Valid until Jan 24, 2024",https://product-images.metro.ca/images/h6d/hb5/9522017075230.jpg,https://www.metro.ca/en/online-grocery/search-page-410
SELECTION,Medium Roast Original Blend Ground Coffee,925 g,"$9.99
 ea.",,$1.08 /100g,,,https://product-images.metro.ca/images/h3c/h99/11257132449822.jpg,https://www.metro.ca/en/online-grocery/search-page-410
FIJI,Natural Artesian Water,6x500 mL,"$8.99
 ea.",,$0.30 /100ml,,,https://product-images.metro.ca/images/h25/hb3/11477783085086.jpg,https://www.metro.ca/en/online-grocery/search-page-410
ST-HUBERT,Chicken And Bacon Quiche,675 g,"$12.99
 ea.",,$1.92 /100g,"Regular price
$13.99  ea.","Valid until Jan 10, 2024",https://product-images.metro.ca/images/h19/hc5/10123660623902.jpg,https://www.metro.ca/en/online-grocery/search-page-410
AKI SUSHI,Tuna Poke Bowl,352 g,"$15.99
 ea.",,$4.54 /100g,,,https://product-images.metro.ca/images/h5c/hbf/11195887878174.jpg,https://www.metro.ca/en/online-grocery/search-page-410
MARZETTI,Dill Veggie Dip,340 g,"$4.99
 ea.",,$1.47 /100g,"Regular price
$5.99  ea.","Valid until Jan 17, 2024",https://product-images.metro.ca/images/h72/h73/9527139565598.jpg,https://www.metro.ca/en/online-grocery/search-page-410
FLAMINGO,Frozen Seasoned Non-Breaded Chicken Burgers,600 g,"$13.99
 ea.",,$2.33 /100g,"Regular price
$14.99  ea.","Valid until Jan 10, 2024",https://product-images.metro.ca/images/hdb/h72/10221690454046.jpg,https://www.metro.ca/en/online-grocery/search-page-410
IMAGINE,Organic Low Sodium Beef Broth,1 L,"$5.29
 ea.",,$0.53 /100ml,,,https://product-images.metro.ca/images/h92/h06/9546732371998.jpg,https://www.metro.ca/en/online-grocery/search-page-410
TIM HORTONS,French Vanilla Flavourde Ground Coffee,300 g,"$10.49
 ea.",,$3.50 /100g,,,https://product-images.metro.ca/images/h86/hd9/12174915829790.jpg,https://www.metro.ca/en/online-grocery/search-page-410
METROGO!,Quartered Strawberries,Small,"$5.99
 ea.",,$1.84 /100g,,,https://product-images.metro.ca/images/h91/h88/8837125341214.jpg,https://www.metro.ca/en/online-grocery/search-page-410
LINDT,"Ecuador 75% Cacao Dark Chocolate Bar, Excellence",100 g,"$5.29
 ea.",,$5.29 /100g,,"Valid until Jan 10, 2024",,https://www.metro.ca/en/online-grocery/search-page-410
CHAPMAN'S,Caramel Pecan Crunch Frozen Yogurt,2 L,"$6.29
 ea.",,$0.31 /100ml,"Regular price
$7.99  ea.","Valid until Feb 14, 2024",https://product-images.metro.ca/images/hb0/hcb/10250159816734.jpg,https://www.metro.ca/en/online-grocery/search-page-410
CHAPMAN'S,Maple Walnut Frozen Yogurt,2 L,"$6.29
 ea.",,$0.31 /100ml,"Regular price
$7.99  ea.","Valid until Feb 14, 2024",https://product-images.metro.ca/images/h3f/h55/10378857119774.jpg,https://www.metro.ca/en/online-grocery/search-page-410
CHAPMAN'S,Capuccino Frozen Yogurt,2 L,"$6.29
 ea.",,$0.31 /100ml,"Regular price
$7.99  ea.","Valid until Feb 14, 2024",https://product-images.metro.ca/images/h11/hdf/10250158276638.jpg,https://www.metro.ca/en/online-grocery/search-page-410
A&W,Diet Root Beer,12x355 mL,"$6.98
 ea.",,$0.16 /100ml,"Regular price
$7.99  ea.","Valid until Jan 10, 2024",https://product-images.metro.ca/images/hc2/h24/10495663013918.jpg,https://www.metro.ca/en/online-grocery/search-page-410
RENÉE'S GOURMET,Cucumber And Dill Dressing And Dip,355 mL,"$5.99
 ea.",,$1.69 /100ml,,,https://product-images.metro.ca/images/h0c/hb2/9986757525534.jpg,https://www.metro.ca/en/online-grocery/search-page-410
IRRESISTIBLES,"Cognac Dried Sausage, Artisan",300 g,"2 / 
$19.99",,or $11.49 ea. $3.33 /100g,,"Valid until Jan 10, 2024",,https://www.metro.ca/en/online-grocery/search-page-410
PEPPERIDGE FARM,"Double Chocolate Cookies, Monaco",213 g,"$3.99
 ea.",,$1.87 /100g,"Regular price
$4.99  ea.","Valid until Jan 24, 2024",,https://www.metro.ca/en/online-grocery/search-page-411
FLOW,High Ph Naturally Alkaline Spring Water,1 L,"$2.99
 ea.",,$0.30 /100ml,,,https://product-images.metro.ca/images/h6b/hea/11477875228702.jpg,https://www.metro.ca/en/online-grocery/search-page-411
SWIFFER,"Unscented Dry Sweeping Cloth Refills, Sweeper",16 un,"$8.99
 ea.",,$0.56 /un.,,,,https://www.metro.ca/en/online-grocery/search-page-411
IRRESISTIBLES,Round Melba Toasts,110 g,"$3.19
 ea.",,$2.90 /100g,,,https://product-images.metro.ca/images/h53/hc3/9518402469918.jpg,https://www.metro.ca/en/online-grocery/search-page-411
AURORA,Cherry Tomatoes,398 mL,"$2.69
 ea.",,$0.68 /100ml,,,https://product-images.metro.ca/images/h41/h1f/9703016759326.jpg,https://www.metro.ca/en/online-grocery/search-page-411
PRÉSIDENT,Salted Cultured Butter,250 g,"$7.49
 ea.",,$3.00 /100g,,,https://product-images.metro.ca/images/hfa/h09/11574113009694.jpg,https://www.metro.ca/en/online-grocery/search-page-411
ST-HUBERT,Poutine Gravy Mix With 25% Less Salt,52 g,"3 / 
$5.00",,$3.21 /100g,"Regular price
$2.39  ea.","Valid until Jan 10, 2024",https://product-images.metro.ca/images/hf9/hf6/10170599800862.jpg,https://www.metro.ca/en/online-grocery/search-page-411
CLR,Multisurface Bath And Kitchen Cleaning Spray,760 mL,"$9.99
 ea.",,$1.31 /100ml,,,https://product-images.metro.ca/images/h4f/he9/11892949286942.jpg,https://www.metro.ca/en/online-grocery/search-page-411
LOTUS,"Original Caramelised Biscuits, Biscoff",250 g,"$3.49
 ea.",,$1.40 /100g,,,,https://www.metro.ca/en/online-grocery/search-page-411
MAPLE LEAF,"Reduced Salt Original Wieners, Natural Top Dogs",375 g,"$7.29
 ea.",,$1.94 /100g,,,,https://www.metro.ca/en/online-grocery/search-page-411
SELECTION,Orange Flavoured Beverage,2 L,"$2.69
 ea.",,$0.13 /100ml,,,https://product-images.metro.ca/images/h11/h6c/11521007616030.jpg,https://www.metro.ca/en/online-grocery/search-page-411
GILLETTE,"Sensitive Skin Shaving Foam, Foamy",311 g,"$4.49
 ea.",,$1.44 /100g,,,,https://www.metro.ca/en/online-grocery/search-page-411
,"Organic Apple, Gala",,"$1.12
 avg. ea.",(170 g avg.),$6.59 /kg$2.99 /lb.,,,,https://www.metro.ca/en/online-grocery/search-page-411
LAFLEUR,"Fully Cooked Bacon, Naturel",65 g,"$8.99
 ea.",,$13.83 /100g,"Regular price
$9.49  ea.","Valid until Jan 17, 2024",,https://www.metro.ca/en/online-grocery/search-page-411
RENÉE'S GOURMET,Poppy Seed Dressing And Dip,355 mL,"$5.99
 ea.",,$1.69 /100ml,,,https://product-images.metro.ca/images/he9/h66/9986759360542.jpg,https://www.metro.ca/en/online-grocery/search-page-411
SLEEMAN,"Lager Beer, Original Draught",12x355 mL - cans,"$21.99
 ea.",,$0.52 /100ml,,,,https://www.metro.ca/en/online-grocery/search-page-411
MELITTA,Natural Brown N°4 Cone Coffee Filters,40 un,"$3.29
 ea.",,$0.08 /un.,"Regular price
$3.79  ea.","Valid until Feb 7, 2024",https://product-images.metro.ca/images/he3/h99/9514999021598.jpg,https://www.metro.ca/en/online-grocery/search-page-411
PEDIGREE,Vitality +™ Beef Flavoured Dog Food,14 kg,"$41.99
 ea.",,$0.30 /100g,,,https://product-images.metro.ca/images/hf5/h90/10029206274078.jpg,https://www.metro.ca/en/online-grocery/search-page-411
PABST BLUE RIBBON,Lager Beer,6x355 mL - cans,"$9.99
 ea.",,$0.47 /100ml,,,https://product-images.metro.ca/images/h7e/h5d/12263396573214.jpg,https://www.metro.ca/en/online-grocery/search-page-411
MARUKAN,Genuine Brewed Rice Vinegar,355 mL,"$6.29
 ea.",,$1.77 /100ml,,,https://product-images.metro.ca/images/h2d/h7f/9527243800606.jpg,https://www.metro.ca/en/online-grocery/search-page-411
TIM HORTONS,Dark Roast Ground Coffee,875 g,"$24.99
 ea.",,$2.86 /100g,,,https://product-images.metro.ca/images/hf8/hc1/11272676409374.jpg,https://www.metro.ca/en/online-grocery/search-page-411
MILK BONE,"Small Assorted Meat Flavoured Dog Biscuits , Flavour...",800 g,"$5.79
 ea.",,$0.72 /100g,,,,https://www.metro.ca/en/online-grocery/search-page-411
FRISKIES,"Salmon In Gravy Wet Cat Food, Extra Gravy",156 g,"$1.49
 ea.",,$0.96 /100g,,,,https://www.metro.ca/en/online-grocery/search-page-411
TRADITION,Freshly Pressed Sweet Apple Cider,300 mL,"3 / 
$5.00",,$0.56 /100ml,,,https://product-images.metro.ca/images/hbb/hc5/11754043080734.jpg,https://www.metro.ca/en/online-grocery/search-page-411
SELECTION,Thousand Island Dressing,475 mL,"$2.99
 ea.",,$0.63 /100ml,"Regular price
$3.69  ea.","Valid until Jan 24, 2024",https://product-images.metro.ca/images/hf8/hbf/11521114210334.jpg,https://www.metro.ca/en/online-grocery/search-page-411
,Serrano Peppers,60 g,"$3.99
 ea.",,$6.65 /100g,,,https://product-images.metro.ca/images/haf/hf2/11511567646750.jpg,https://www.metro.ca/en/online-grocery/search-page-411
LAFLEUR,"Original Wieners, Party Size",1 kg,"$9.49
 ea.",,$0.95 /100g,"Regular price
$9.99  ea.","Valid until Jan 10, 2024",https://product-images.metro.ca/images/h5a/ha6/11449577144350.jpg,https://www.metro.ca/en/online-grocery/search-page-411
SELECTION,Nectar Soft Drink,2 L,"$2.29
 ea.",,$0.11 /100ml,,,https://product-images.metro.ca/images/hd3/h6c/10367577817118.jpg,https://www.metro.ca/en/online-grocery/search-page-411
NESTLÉ,"Milk Chocolate Bar, Aero",135 g,"$5.79
 ea.",,$4.29 /100g,,,,https://www.metro.ca/en/online-grocery/search-page-411
DEL MONTE,Fruit Cocktail In Light Syrup,796 mL,"$5.99
 ea.",,$0.75 /100ml,,,https://product-images.metro.ca/images/h88/h9f/11068790374430.jpg,https://www.metro.ca/en/online-grocery/search-page-412
OASIS,"10 Vegetable Cocktail, Classic",6x300 mL,"$5.99
 ea.",,$0.33 /100ml,,,,https://www.metro.ca/en/online-grocery/search-page-412
FRISKIES,"Turkey In Gravy Wet Cat Food, Extra Gravy",156 g,"$1.49
 ea.",,$0.96 /100g,,,,https://www.metro.ca/en/online-grocery/search-page-412
LOACKER,Dark Chocolate Biscuits With Chopped Hazelnuts,100 g,"$4.49
 ea.",,$4.49 /100g,"Regular price
$4.99  ea.","Valid until Jan 24, 2024",https://product-images.metro.ca/images/h52/hbe/10286961950750.jpg,https://www.metro.ca/en/online-grocery/search-page-412
RUSTICA,Bambino Fresh Tomato Pizzas,6x100 g,"$9.49
 ea.",,$1.58 /100g,,,https://product-images.metro.ca/images/h43/hd8/10101087272990.jpg,https://www.metro.ca/en/online-grocery/search-page-412
IRRESISTIBLES,"Frozen Cheesecake Assortment, Fruitiful Collection",12 un - 1 kg,"$25.49
 ea.",,$2.55 /100g,,,,https://www.metro.ca/en/online-grocery/search-page-412
RICKARD'S,"Irish-Style Red Ale, Red",6x341 mL - bottles,"$14.49
 ea.",,$0.71 /100ml,,,,https://www.metro.ca/en/online-grocery/search-page-412
CEDAR,Parboiled Long Grain Rice,907 g,"$2.99
 ea.",,$0.33 /100g,"Regular price
$3.69  ea.","Valid until Jan 24, 2024",https://product-images.metro.ca/images/hb6/h63/8853222162462.jpg,https://www.metro.ca/en/online-grocery/search-page-412
RIO MARE,"Cous Cous And Light Tuna Salad, Insalatissime",160 g,"$5.29
 ea.",,$3.31 /100g,,,,https://www.metro.ca/en/online-grocery/search-page-412
SELECTION,Hazelnut Chocolate Spread,375 g,"$3.99
 ea.",,$1.06 /100g,"Regular price
$4.99  ea.","Valid until Jan 10, 2024",https://product-images.metro.ca/images/h00/h6a/11117327417374.jpg,https://www.metro.ca/en/online-grocery/search-page-412
SELECTION,Diced Pears In Light Syrup Snacks,4x107 mL,"$2.49
 ea.",,$0.58 /100ml,"Regular price
$3.29  ea.","Valid until Feb 7, 2024",https://product-images.metro.ca/images/hbf/hb9/9992258191390.jpg,https://www.metro.ca/en/online-grocery/search-page-412
SAULAR,"Litter Box & Litter For Cats, Kat-Kit",2.25 L,"$3.49
 ea.",,$0.16 /100ml,"Regular price
$5.49  ea.","Valid until Jan 24, 2024",,https://www.metro.ca/en/online-grocery/search-page-412
VILEDA,Dish Sponge Scrunge Wand,1 un,"$2.99
 ea.",,$2.99 /un.,"Regular price
$4.29  ea.","Valid until Feb 7, 2024",https://product-images.metro.ca/images/h07/h2b/11937034567710.jpg,https://www.metro.ca/en/online-grocery/search-page-412
IRRESISTIBLES,Frozen Seafood Shell,300 g,"$10.99
 ea.",,$3.66 /100g,,,https://product-images.metro.ca/images/h72/h63/9131680989214.jpg,https://www.metro.ca/en/online-grocery/search-page-412
HERTEL,Bathroom Cleaner With Bleach,700 ml,"$4.39
 ea.",,$0.63 /100ml,,,https://product-images.metro.ca/images/h56/h7b/10319406039070.jpg,https://www.metro.ca/en/online-grocery/search-page-412
SELECTION,Corn Oil,946 mL,"$6.49
 ea.",,$0.69 /100ml,"Regular price
$7.29  ea.","Valid until Feb 7, 2024",https://product-images.metro.ca/images/h48/hd4/10250234724382.jpg,https://www.metro.ca/en/online-grocery/search-page-412
CEZANNE,Canned Snails,115 g,"$4.99
 ea.",,$4.42 /100g,,,https://product-images.metro.ca/images/h06/hd9/8900795400222.jpg,https://www.metro.ca/en/online-grocery/search-page-412
VAN HOUTTE,Light Roast French Vanilla Flavoured K-Cup Coffee Pods,12 un,"$9.99
 ea.",,$8.32 /100g,"Regular price
$11.99  ea.","Valid until Feb 7, 2024",https://product-images.metro.ca/images/hbe/hd8/11509504278558.jpg,https://www.metro.ca/en/online-grocery/search-page-412
RED BULL,"Energy Drink, Sugar Free",250 mL,"2 / 
$5.50",,$1.10 /100ml,"Regular price
$3.49  ea.","Valid until Jan 24, 2024",https://product-images.metro.ca/images/h16/h07/11892951154718.jpg,https://www.metro.ca/en/online-grocery/search-page-412
BONNE MAMAN,Cherry Jam,250 mL,"$7.49
 ea.",,$3.00 /100ml,,,https://product-images.metro.ca/images/h4e/h51/9529963151390.jpg,https://www.metro.ca/en/online-grocery/search-page-412
SENSODYNE,Mint Breeze Gentle Whitening Toothpaste For Sensitiv...,75 mL,"$5.99
 ea.",,$7.99 /100ml,,,,https://www.metro.ca/en/online-grocery/search-page-412
IRRESISTIBLES,Pink Hymalayan Salt Grinder,390 g,"$7.99
 ea.",,$2.05 /100g,,,https://product-images.metro.ca/images/h30/h69/11521275854878.jpg,https://www.metro.ca/en/online-grocery/search-page-412
TRE STELLE,Pecorino Romano Cheese Aged 5 Months,200 g,"$11.99
 ea.",,$6.00 /100g,"Regular price
$13.99  ea.","Valid until Jan 17, 2024",https://product-images.metro.ca/images/h65/hf0/9640191295518.jpg,https://www.metro.ca/en/online-grocery/search-page-412
IMAGINE,Organic Vegetable Broth,1 L,"$5.29
 ea.",,$0.53 /100ml,,,https://product-images.metro.ca/images/h5d/h7c/9546738040862.jpg,https://www.metro.ca/en/online-grocery/search-page-412
OLIVIERI,3 Cheese Tortellini,700 g,"$11.49
 ea.",,$1.64 /100g,,,https://product-images.metro.ca/images/h02/heb/10727315734558.jpg,https://www.metro.ca/en/online-grocery/search-page-412
TWININGS,Traditional Black Tea Variety Pack,20 un,"$5.79
 ea.",,$0.29 /un.,,,https://product-images.metro.ca/images/h29/h08/11665353801758.jpg,https://www.metro.ca/en/online-grocery/search-page-412
CLIF BAR,Crunchy Peanut Butter Flavoured Energy Bar,68 g,"$2.19
 ea.",,$3.22 /100g,,,https://product-images.metro.ca/images/h99/hd5/11540925415454.jpg,https://www.metro.ca/en/online-grocery/search-page-412
STARBUCKS,Decaffeinated House Blend Ground Coffee,340 g,"$13.29
 ea.",,$3.91 /100g,,,https://product-images.metro.ca/images/h6e/hde/12266512187422.jpg,https://www.metro.ca/en/online-grocery/search-page-412
SELECTION,Mandarin Orange Segments In Light Syrup,4x107 mL,"$2.49
 ea.",,$0.58 /100ml,"Regular price
$3.29  ea.","Valid until Feb 7, 2024",https://product-images.metro.ca/images/hc6/hb5/11521063092254.jpg,https://www.metro.ca/en/online-grocery/search-page-412
AKI SUSHI,Sesame Seeds,150 g,"$5.99
 ea.",,$3.99 /100g,,,https://product-images.metro.ca/images/h6d/h50/9438014865438.jpg,https://www.metro.ca/en/online-grocery/search-page-412
BICK'S,Wine Sauerkraut,1 L,"$6.79
 ea.",,$0.68 /100ml,,,https://product-images.metro.ca/images/h6e/h80/11412538687518.jpg,https://www.metro.ca/en/online-grocery/search-page-413
MICROBRASSERIE CHARLEVOIX,"Strong Blond Beer, Flacatoune",500 mL - bottle,"$5.49
 ea.",,$1.10 /100ml,,,,https://www.metro.ca/en/online-grocery/search-page-413
RYVITA,Light & Crispy Whole Grain Snackbread,125 g,"$2.99
 ea.",,$2.39 /100g,"Regular price
$3.99  ea.","Valid until Jan 24, 2024",https://product-images.metro.ca/images/h09/h23/10778557677598.jpg,https://www.metro.ca/en/online-grocery/search-page-413
LECLERC,"Date Cereals Bars, Muffin Max",223 g,"$1.77
 ea.",,$0.79 /100g,"Regular price
$3.79  ea.","Valid until Jan 10, 2024",,https://www.metro.ca/en/online-grocery/search-page-413
NESTLÉ,"Light Hot Chocolate Mix In Packets, Carnation",10x13 g,"$4.49
 ea.",,$3.45 /100g,"Regular price
$4.99  ea.","Valid until Feb 7, 2024",,https://www.metro.ca/en/online-grocery/search-page-413
VH,30% Less Sodium Soy Sauce,380 mL,"2 / 
$7.00",,$0.92 /100ml,"Regular price
$3.99  ea.","Valid until Jan 24, 2024",https://product-images.metro.ca/images/h4f/h3f/9300921614366.jpg,https://www.metro.ca/en/online-grocery/search-page-413
SELECTION,Walnut Pieces,350 g,"$8.49
 ea.",,$2.43 /100g,,,https://product-images.metro.ca/images/hef/h0e/10715306623006.jpg,https://www.metro.ca/en/online-grocery/search-page-413
SEL WINDSOR,Iodized Coarse Crystals Sea Salt,750 g,"$6.49
 ea.",,$0.87 /100g,,,https://product-images.metro.ca/images/hfc/hc5/10229989015582.jpg,https://www.metro.ca/en/online-grocery/search-page-413
VILEDA,Oskar Broom With Dustpan,1 un,"$14.99
 ea.",,$14.99 /un.,,,https://product-images.metro.ca/images/h42/he2/11937030799390.jpg,https://www.metro.ca/en/online-grocery/search-page-413
KRAFT DINNER,Spicy Cheddar Macaroni And Cheese,156 g,"$2.69
 ea.",,$1.72 /100g,,,https://product-images.metro.ca/images/ha2/hdb/12245498495006.jpg,https://www.metro.ca/en/online-grocery/search-page-413
,Chicken Legs Without Back,2 legs per tray,"$5.45
 avg. ea.",(450 g avg.),$12.10 /kg$5.49 /lb.,,,https://product-images.metro.ca/images/hec/hc0/8886412738590.jpg,https://www.metro.ca/en/online-grocery/search-page-413
NIVEA,"Aloe Vera Scented Body Wash Cream, Aloe Hydration",500 mL,"$6.99
 ea.",,$1.40 /100ml,,,,https://www.metro.ca/en/online-grocery/search-page-413
,Patty Shell,1 un,"$1.29
 ea.",,$1.29 /un.,,,https://product-images.metro.ca/images/h93/hba/8912805199902.jpg,https://www.metro.ca/en/online-grocery/search-page-413
METROGO!,Salmon Pie,575 g,"$9.99
 ea.",,$1.74 /100g,"Regular price
$10.99  ea.","Valid until Jan 17, 2024",https://product-images.metro.ca/images/h91/h18/11926712746014.jpg,https://www.metro.ca/en/online-grocery/search-page-413
CLUB HOUSE,Gravy Mix For Chicken,25 g,"4 / 
$5.00",,$5.00 /100g,"Regular price
$1.49  ea.","Valid until Jan 24, 2024",https://product-images.metro.ca/images/hd6/h66/11761498783774.jpg,https://www.metro.ca/en/online-grocery/search-page-413
FINISH,"Orange Dishwasher Detergent Pacs, Gelpacs",60 un,"$18.99
 ea.",,$0.32 /un.,,,,https://www.metro.ca/en/online-grocery/search-page-413
DR. OETKER,"Frozen Deluxe Rising Crust Pizza, Giuseppe",785 g,"$9.39
 ea.",,$1.20 /100g,,,,https://www.metro.ca/en/online-grocery/search-page-413
CADBURY,"Mini Chocolate Candies, Caramilk",200 g,"$4.49
 ea.",,$2.25 /100g,"Regular price
$5.29  ea.","Valid until Jan 24, 2024",,https://www.metro.ca/en/online-grocery/search-page-413
WHISKAS,"Salmon Flavoured Wet Cat Food In Gravy, Perfect Port...",75 g,"3 / 
$4.00",,$1.78 /100g,"Regular price
$1.79  ea.","Valid until Jan 24, 2024",,https://www.metro.ca/en/online-grocery/search-page-413
RITZ,Cheese Flavoured Snackwich Crackers,8x38 g,"$4.99
 ea.",,$1.64 /100g,,,https://product-images.metro.ca/images/h51/hdf/11860656783390.jpg,https://www.metro.ca/en/online-grocery/search-page-413
SELECTION,Light Coconut Milk,400 mL,"$1.99
 ea.",,$0.50 /100ml,"Regular price
$2.69  ea.","Valid until Jan 10, 2024",https://product-images.metro.ca/images/h04/ha5/9730808250398.jpg,https://www.metro.ca/en/online-grocery/search-page-413
POLIDENT,Overnight Triple Mint Fresh Denture Cleaner,96 un,"$10.99
 ea.",,$0.11 /un.,,,https://product-images.metro.ca/images/hf1/h53/11735005790238.jpg,https://www.metro.ca/en/online-grocery/search-page-413
SELECTION,Lactose-Free Coffee Whitener,450 g,"$4.49
 ea.",,$1.00 /100g,,,https://product-images.metro.ca/images/h81/h3e/12354355003422.jpg,https://www.metro.ca/en/online-grocery/search-page-413
MURPHY,Concentrated Wood Floor Liquid Cleaner,946 mL,"$4.99
 ea.",,$0.53 /100ml,"Regular price
$5.99  ea.","Valid until Feb 7, 2024",https://product-images.metro.ca/images/h5d/hf3/11614447108126.jpg,https://www.metro.ca/en/online-grocery/search-page-413
HERSHEY'S,"Milk Chocolate Candies, Kisses",200 g,"$4.99
 ea.",,$2.50 /100g,"Regular price
$6.29  ea.","Valid until Jan 24, 2024",,https://www.metro.ca/en/online-grocery/search-page-413
CHOCOLATS FAVORIS,Dulce De Leche Milk Chocolate Fondue,215 g,"$8.99
 ea.",,$4.18 /100g,,,https://product-images.metro.ca/images/hb8/hc9/10333751050270.jpg,https://www.metro.ca/en/online-grocery/search-page-413
ADONIS,Whole Wheat Pita Bread,400 g,"$3.69
 ea.",,$0.92 /100g,,,https://product-images.metro.ca/images/h99/hc1/9761077231646.jpg,https://www.metro.ca/en/online-grocery/search-page-413
ALEXIS DE PORTNEUF,Soft Surface Ripened Goat Cheese Paillot De Chèvre™,125 g,"$8.99
 ea.",,$7.19 /100g,,,https://product-images.metro.ca/images/h48/hbf/10845148545054.jpg,https://www.metro.ca/en/online-grocery/search-page-413
NUPASTA,Organic Pre-Cooked Konjac Fettuccine,210 g,"$3.49
 ea.",,$1.66 /100g,"Regular price
$4.99  ea.","Valid until Jan 24, 2024",https://product-images.metro.ca/images/h34/hac/12050714525726.jpg,https://www.metro.ca/en/online-grocery/search-page-413
LA PARISIENNE,Dishwasher Detergent Tabs,28 un,"$9.49
 ea.",,$0.34 /un.,,,https://product-images.metro.ca/images/h20/hab/11754041409566.jpg,https://www.metro.ca/en/online-grocery/search-page-413
MAPLE LEAF,Flakes Of Chicken,156 g,"$3.29
 ea.",,$2.11 /100g,"Regular price
$4.19  ea.","Valid until Jan 24, 2024",https://product-images.metro.ca/images/hf6/h84/11432711454750.jpg,https://www.metro.ca/en/online-grocery/search-page-414
MILK BONE,"Beef Steak Flavoured Dog Treats, Soft & Chewy",113 g,"$2.99
 ea.",,$2.65 /100g,,,,https://www.metro.ca/en/online-grocery/search-page-414
SMIRNOFF ICE,"Berry Blast Flavoured Alcoholic Malt Beverage, Encore",473 mL,"$3.99
 ea.",,$0.84 /100ml,,,,https://www.metro.ca/en/online-grocery/search-page-414
MCCAIN,Frozen Deluxe Pizza Pockets,600 g,"$7.79
 ea.",,$1.30 /100g,"Regular price
$8.99  ea.","Valid until Feb 14, 2024",https://product-images.metro.ca/images/ha1/h41/12227456237598.jpg,https://www.metro.ca/en/online-grocery/search-page-414
FRUITÉ,Lemon-Lime Lemonade,2 L,"2 / 
$6.00",,$0.15 /100ml,"Regular price
$3.59  ea.","Valid until Jan 10, 2024",https://product-images.metro.ca/images/h99/h43/11693705429022.jpg,https://www.metro.ca/en/online-grocery/search-page-414
,Golden Kiwi,454g,"$7.99
 ea.",,$1.76 /100g,,,https://product-images.metro.ca/images/hc9/h57/11521259208734.jpg,https://www.metro.ca/en/online-grocery/search-page-414
DUBRETON,Organic Hot Italian Sausages,4x100 g,"$9.99
 ea.",,$2.50 /100g,,,https://product-images.metro.ca/images/h9c/h0e/10278100008990.jpg,https://www.metro.ca/en/online-grocery/search-page-414
IRRESISTIBLES,Frozen Raspberry Blast Cake,4 in - 300 g,"$12.49
 ea.",,$4.16 /100g,,"Valid until Jan 17, 2024",https://product-images.metro.ca/images/h68/h41/8861364158494.jpg,https://www.metro.ca/en/online-grocery/search-page-414
RENÉE'S GOURMET,Spring Herb Italian Vinaigrette Individual Pack,43 mL,"$0.69
 ea.",,$1.60 /100ml,,,https://product-images.metro.ca/images/h70/hc5/9522622267422.jpg,https://www.metro.ca/en/online-grocery/search-page-414
NABOB,"Swiss Hazelnut Coffee T Discs, Tassimo",14 un,"$10.49
 ea.",,$0.75 /un.,,,,https://www.metro.ca/en/online-grocery/search-page-414
ANCESTRAL,Apple Cider Vinegar,1 L,"$7.99
 ea.",,$0.80 /100ml,"Regular price
$8.99  ea.","Valid until Feb 7, 2024",https://product-images.metro.ca/images/hdb/hf7/11541024276510.jpg,https://www.metro.ca/en/online-grocery/search-page-414
CLR,Liquid Multi-Purpose Cleaner,828 mL,"$9.99
 ea.",,$1.21 /100ml,,,https://product-images.metro.ca/images/hcf/h90/11860647772190.jpg,https://www.metro.ca/en/online-grocery/search-page-414
SELECTION,BBQ Sauce Mix,43 g,"$0.99
 ea.",,$2.30 /100g,"Regular price
$1.49  ea.","Valid until Jan 24, 2024",https://product-images.metro.ca/images/h9a/hf7/9518956773406.jpg,https://www.metro.ca/en/online-grocery/search-page-414
SPITZ,Dill Pickle Flavoured Sunflower Seeds,210 g,"$2.99
 ea.",,$1.42 /100g,,,https://product-images.metro.ca/images/h60/h91/11386224246814.jpg,https://www.metro.ca/en/online-grocery/search-page-414
BULLES DE NUIT,Sparkling Rosé Wine Style Alcoholic Malt Beverage,750 mL,"$7.99
 ea.",,$1.07 /100ml,"Regular price
$9.99  ea.","Valid until Feb 7, 2024",https://product-images.metro.ca/images/h20/hfc/9742474379294.jpg,https://www.metro.ca/en/online-grocery/search-page-414
CLOVER LEAF,"Yellowfin Light Tuna Chunks In Broth And Oil, Gourmet",142 g,"$3.49
 ea.",,$2.46 /100g,,,,https://www.metro.ca/en/online-grocery/search-page-414
SIMPLY POTATOES,Traditional Mashed Potatoes,680 g,"$8.99
 ea.",,$1.32 /100g,,,https://product-images.metro.ca/images/h3d/he4/9751029743646.jpg,https://www.metro.ca/en/online-grocery/search-page-414
DEL MONTE,Pear Halves In Water Without Added Sugar,398 mL,"$3.49
 ea.",,$0.88 /100ml,,,https://product-images.metro.ca/images/h37/h11/10486507601950.jpg,https://www.metro.ca/en/online-grocery/search-page-414
SO DELICIOUS,Non-Dairy Salted Caramel Cluster Frozen Cashew Milk,500 mL,"$9.49
 ea.",,$1.90 /100ml,,,https://product-images.metro.ca/images/h1c/hf1/12050623528990.jpg,https://www.metro.ca/en/online-grocery/search-page-414
CLUB HOUSE,Organic Oregano Leaves,11 g,"$2.99
 ea.",,$27.18 /100g,"Regular price
$3.29  ea.","Valid until Feb 7, 2024",https://product-images.metro.ca/images/hd9/h49/11307106566174.jpg,https://www.metro.ca/en/online-grocery/search-page-414
ENERGIZER,"Aaa Alkaline Batteries, Max",2 un,"$6.29
 ea.",,$3.15 /un.,,,,https://www.metro.ca/en/online-grocery/search-page-414
VAN HOUTTE,"Medium Roast K-Cup Coffee Pods, Colombian",12 un,"$9.99
 ea.",,$0.83 /un.,"Regular price
$11.99  ea.","Valid until Feb 7, 2024",,https://www.metro.ca/en/online-grocery/search-page-414
CATELLI,Whole Wheat Lasagna Pasta,375 g,"$4.69
 ea.",,$1.25 /100g,,,https://product-images.metro.ca/images/h60/h83/11642910113822.jpg,https://www.metro.ca/en/online-grocery/search-page-414
OCEAN SPRAY,Low Calorie Cranberry & Raspberry Cocktail,1.89 L,"$5.49
 ea.",,$0.29 /100ml,,,https://product-images.metro.ca/images/h11/h4e/9894704971806.jpg,https://www.metro.ca/en/online-grocery/search-page-414
SWISS KNIGHT,Microwavable Cheese Fondue,170 g,"$7.79
 ea.",,$4.58 /100g,,,https://product-images.metro.ca/images/ha3/hed/8834329542686.jpg,https://www.metro.ca/en/online-grocery/search-page-414
BROOKSIDE,Açaï And Blueberry Flavoured Dark Chocolate,235 g,"$4.99
 ea.",,$2.12 /100g,"Regular price
$6.29  ea.","Valid until Jan 24, 2024",https://product-images.metro.ca/images/h5f/hd0/11849409822750.jpg,https://www.metro.ca/en/online-grocery/search-page-414
PRANA,White Ground Chia Seeds,200 g,"$8.29
 ea.",,$4.15 /100g,,,https://product-images.metro.ca/images/hb6/hf9/10918232195102.jpg,https://www.metro.ca/en/online-grocery/search-page-414
METROGO!,Hummus And Vegetables Snack,,"$5.49
 ea.",,$2.03 /100g,,,https://product-images.metro.ca/images/hd8/he9/11962884096030.jpg,https://www.metro.ca/en/online-grocery/search-page-414
MICHELOB ULTRA,Light Lager Beer,12x355 mL - cans,"$23.99
 ea.",,$0.56 /100ml,,,https://product-images.metro.ca/images/h34/h24/10378851778590.jpg,https://www.metro.ca/en/online-grocery/search-page-414
KÜHNE,Prepared Red Cabbage,720 mL,"$5.79
 ea.",,$0.80 /100ml,,,https://product-images.metro.ca/images/he7/h87/9149954097182.jpg,https://www.metro.ca/en/online-grocery/search-page-414
NATURCLING,Oxo-Biodegradable Garbage Bags,25 un,"$3.29
 ea.",,$0.13 /un.,,,https://product-images.metro.ca/images/he2/h2c/9910100197406.jpg,https://www.metro.ca/en/online-grocery/search-page-415
PLAISIRS GASTRONOMIQUES,Lorraine Quiche,215g,"$5.79
 ea.",,$2.69 /100g,,,https://product-images.metro.ca/images/h58/h09/11168818593822.jpg,https://www.metro.ca/en/online-grocery/search-page-415
FROMAGERIE FRITZ KAISER,Sliced Raclette Cheese,,"$10.10
 avg. ea.",(225 g avg.),$44.90 /kg$20.37 /lb.,"Regular price
$50.90  avg. kg","Valid until Jan 17, 2024",https://product-images.metro.ca/images/h54/h39/9098838835230.jpg,https://www.metro.ca/en/online-grocery/search-page-415
RIVIERA,Lactose Free Emmental Cheese,200 g,"$7.99
 ea.",,$4.00 /100g,"Regular price
$9.49  ea.","Valid until Jan 17, 2024",https://product-images.metro.ca/images/h10/hd3/9640188608542.jpg,https://www.metro.ca/en/online-grocery/search-page-415
NATURE VALLEY,Oat Biscuits With Peanut Butter Filling,190 g,"2 / 
$7.00",,$1.84 /100g,"Regular price
$4.99  ea.","Valid until Feb 7, 2024",https://product-images.metro.ca/images/h17/hc3/10686021369886.jpg,https://www.metro.ca/en/online-grocery/search-page-415
ROBERTSON'S,Ginger Marmalade,250 mL,"$3.99
 ea.",,$1.60 /100ml,,,https://product-images.metro.ca/images/h02/h01/9554210521118.jpg,https://www.metro.ca/en/online-grocery/search-page-415
BLUE DRAGON,Thai Red Curry Paste,270 mL,"$4.99
 ea.",,$1.85 /100ml,"Regular price
$6.29  ea.","Valid until Jan 24, 2024",https://product-images.metro.ca/images/h8e/hd1/11627059183646.jpg,https://www.metro.ca/en/online-grocery/search-page-415
SELECTION,Herbes De Provence Spice Blend,50 g,"$1.99
 ea.",,$3.98 /100g,,,https://product-images.metro.ca/images/hf0/h23/8974232485918.jpg,https://www.metro.ca/en/online-grocery/search-page-415
LE GRAND,Sun-Dried Tomato Pesto,170 g,"$8.99
 ea.",,$5.29 /100g,,,https://product-images.metro.ca/images/hc4/hbb/11432739766302.jpg,https://www.metro.ca/en/online-grocery/search-page-415
,Gala Apples,1.36 kg,"$6.99
 ea.",,$0.51 /100g,,,https://product-images.metro.ca/images/h64/he8/9104910712862.jpg,https://www.metro.ca/en/online-grocery/search-page-415
TETLEY,Honey Lemon Ginseng Green Tea,24 un,"$3.99
 ea.",,$0.17 /un.,"Regular price
$4.99  ea.","Valid until Feb 7, 2024",https://product-images.metro.ca/images/he7/h46/9519030992926.jpg,https://www.metro.ca/en/online-grocery/search-page-415
WOOLWICH DAIRY,Chevrai Original Soft Unripened Crumbled Goat Cheese,113 g,"$4.99
 ea.",,$4.42 /100g,"Regular price
$5.49  ea.","Valid until Jan 17, 2024",https://product-images.metro.ca/images/hc2/hb5/11937054621726.jpg,https://www.metro.ca/en/online-grocery/search-page-415
EXCELDOR,Boneless Skinless Chicken Thighs,8 thighs per tray,"$10.90
 avg. ea.",(450 g avg.),$24.23 /kg$10.99 /lb.,,,https://product-images.metro.ca/images/h65/h55/9667752951838.jpg,https://www.metro.ca/en/online-grocery/search-page-415
ST-HUBERT,Meat Marinade Mix,20 g,"3 / 
$5.00",,$8.33 /100g,"Regular price
$2.39  ea.","Valid until Jan 10, 2024",https://product-images.metro.ca/images/h14/h77/10170593476638.jpg,https://www.metro.ca/en/online-grocery/search-page-415
FRISKIES,"Chicken With Vegetables Indoor Wet Cat Food Pâté, In...",156 g,"$1.49
 ea.",,$0.96 /100g,,,,https://www.metro.ca/en/online-grocery/search-page-415
CROFTER'S,Strawberry Premium Spread,383 mL,"$7.99
 ea.",,$2.09 /100ml,,,https://product-images.metro.ca/images/h42/h1d/8844770607134.jpg,https://www.metro.ca/en/online-grocery/search-page-415
IAMS,"Indoor Weight & Hairball Care Dry Cat Food, Proactiv...",1.59 kg,"$15.49
 ea.",,$0.97 /100g,"Regular price
$17.99  ea.","Valid until Jan 10, 2024",,https://www.metro.ca/en/online-grocery/search-page-415
GATTUSO,Pizza Crust Mix,165 g,"$2.19
 ea.",,$1.33 /100g,,,https://product-images.metro.ca/images/h2b/h19/11307082940446.jpg,https://www.metro.ca/en/online-grocery/search-page-415
MERCI,Chocolate Assortment,200 g,"$5.99
 ea.",,$3.00 /100g,"Regular price
$7.29  ea.","Valid until Jan 24, 2024",https://product-images.metro.ca/images/hdf/hcf/12171821547550.jpg,https://www.metro.ca/en/online-grocery/search-page-415
RIO MARE,Solid Light Tuna In Olive Oil,160 g,"$6.29
 ea.",,$3.93 /100g,,,https://product-images.metro.ca/images/hf6/h1d/10486555082782.jpg,https://www.metro.ca/en/online-grocery/search-page-415
OLIVIERI,Chicken And Bacon Sacchettini,600 g,"$11.49
 ea.",,$1.92 /100g,,,https://product-images.metro.ca/images/h2f/h18/10727317536798.jpg,https://www.metro.ca/en/online-grocery/search-page-415
,Pastrami Style Smoked Atlantique Salmon,,"$6.61
 / 100 g",,$66.12 /kg$29.99 /lb.,"Regular price
$77.14  / kg","Valid until Jan 17, 2024",https://product-images.metro.ca/images/he3/h83/8951968399390.jpg,https://www.metro.ca/en/online-grocery/search-page-415
ATTITUDE,Citrus Zest Liquid Multi-Surface Cleaner,1.04 L,"$6.29
 ea.",,$0.60 /100ml,,,https://product-images.metro.ca/images/h36/h8c/9679308750878.jpg,https://www.metro.ca/en/online-grocery/search-page-415
KASHI,"Chocolate Crunch Cereal, GOLEAN",345 g,"$7.49
 ea.",,$2.17 /100g,,,,https://www.metro.ca/en/online-grocery/search-page-415
SELECTION,Lemonade Flavoured Water Enhancer,48 mL,"2 / 
$5.50",,$5.73 /100ml,"Regular price
$3.29  ea.","Valid until Jan 10, 2024",https://product-images.metro.ca/images/h03/h7f/8905980280862.jpg,https://www.metro.ca/en/online-grocery/search-page-415
PEPSI,Diet Soft Drink,8x355 mL - bottle,"$5.99
 ea.",,$0.21 /100ml,"Regular price
$6.79  ea.","Valid until Jan 24, 2024",https://product-images.metro.ca/images/h40/had/10044996714526.jpg,https://www.metro.ca/en/online-grocery/search-page-415
ARIZONA,Lemon Flavoured Iced Tea,960 mL,"$2.39
 ea.",,$0.25 /100ml,,,https://product-images.metro.ca/images/h9c/hd4/12230539247646.jpg,https://www.metro.ca/en/online-grocery/search-page-415
NATUR-A,Organic Enriched Rice Beverage,946 mL,"$3.49
 ea.",,$0.37 /100ml,,,https://product-images.metro.ca/images/h3d/h40/12320458145822.jpg,https://www.metro.ca/en/online-grocery/search-page-415
A.VOGEL,"Organic Original Aromatic Sea Salt, Herbamare",250 g,"$6.99
 ea.",,$2.80 /100g,,,,https://www.metro.ca/en/online-grocery/search-page-415
KRISPY KERNELS,Vitality Dried Fruits & Nuts Mix,250 g,"$5.49
 ea.",,$2.20 /100g,,,https://product-images.metro.ca/images/h96/ha2/11412491894814.jpg,https://www.metro.ca/en/online-grocery/search-page-415
JOHNVINCE FOODS,Icing Sugar,750 g,"$2.99
 ea.",,$0.40 /100g,,,https://product-images.metro.ca/images/hfd/h53/10471961690142.jpg,https://www.metro.ca/en/online-grocery/search-page-416
SUWONG,Oriental Stir-Fry Mix,28 g,"$1.99
 ea.",,$7.11 /100g,"Regular price
$2.39  ea.","Valid until Jan 24, 2024",https://product-images.metro.ca/images/he2/h48/9526704472094.jpg,https://www.metro.ca/en/online-grocery/search-page-416
SELECTION,Mammoth Stuffed Manzanilla Olives,750 mL,"$6.49
 ea.",,$0.87 /100ml,,,https://product-images.metro.ca/images/ha6/h11/8934962724894.jpg,https://www.metro.ca/en/online-grocery/search-page-416
E.D.SMITH,Pumpkin Pie Filling,540 mL,"$6.99
 ea.",,$1.29 /100ml,,,https://product-images.metro.ca/images/he9/h01/9527007215646.jpg,https://www.metro.ca/en/online-grocery/search-page-416
PRÉSIDENT,Camembert Cheese,230 g,"$9.99
 ea.",,$4.34 /100g,,,https://product-images.metro.ca/images/hee/h3e/9731854073886.jpg,https://www.metro.ca/en/online-grocery/search-page-416
FROMAGERIE FRITZ KAISER,Le Douanier Semi-Firm Surface-Ripened Cheese,1 piece,"$7.14
 avg. ea.",(135 g avg.),$52.90 /kg$24.00 /lb.,,,https://product-images.metro.ca/images/hfd/h7f/8886650732574.jpg,https://www.metro.ca/en/online-grocery/search-page-416
MOLSON,"Lager Beer, Dry",12x341 mL,"$21.99
 ea.",,$0.54 /100ml,,,,https://www.metro.ca/en/online-grocery/search-page-416
IRRESISTIBLES,Unsalted Roasted Sunflower Seeds,300 g,"$3.99
 ea.",,$1.33 /100g,,,https://product-images.metro.ca/images/hf4/h05/10390744399902.jpg,https://www.metro.ca/en/online-grocery/search-page-416
PLEDGE,Extra Moisturizing Aerosol Furniture Polish With Lem...,350 g,"$7.99
 ea.",,$2.91 /100g,,,,https://www.metro.ca/en/online-grocery/search-page-416
CEDAR,Hearts Of Palm,398 mL,"$5.79
 ea.",,$1.45 /100ml,,,https://product-images.metro.ca/images/h16/h48/9719580655646.jpg,https://www.metro.ca/en/online-grocery/search-page-416
DOVE,"Daily Moisture Conditioner, Nutritive Solutions",355 mL,"$6.99
 ea.",,$1.97 /100ml,,,,https://www.metro.ca/en/online-grocery/search-page-416
LITEHOUSE,Dry Parsley,8.5 g,"$5.99
 ea.",,$70.47 /100g,"Regular price
$6.99  ea.","Valid until Jan 10, 2024",https://product-images.metro.ca/images/h74/h14/11292673769502.jpg,https://www.metro.ca/en/online-grocery/search-page-416
ARTE NOVA,Spanish Red Wine,1 L,"$12.99
 ea.",,$1.30 /100ml,,,https://product-images.metro.ca/images/hd8/hfc/10498084470814.jpg,https://www.metro.ca/en/online-grocery/search-page-416
SELECTION,Frozen Unrolled Puff Pastry,400 g,"$2.99
 ea.",,$0.75 /100g,"Regular price
$3.69  ea.","Valid until Jan 10, 2024",https://product-images.metro.ca/images/hd2/he5/8817701912606.jpg,https://www.metro.ca/en/online-grocery/search-page-416
NATREL,Completely Chocolate Flavoured Lactose Free Ice Cream,473 mL,"$5.29
 ea.",,$1.12 /100ml,,,https://product-images.metro.ca/images/h2c/h19/9522773655582.jpg,https://www.metro.ca/en/online-grocery/search-page-416
CERTO,Liquid Pectin For Homemade Jams & Jellies,170 mL,"$5.79
 ea.",,$3.41 /100ml,,,https://product-images.metro.ca/images/h78/h10/9986934145054.jpg,https://www.metro.ca/en/online-grocery/search-page-416
CORDON BLEU,Meatballs In Gravy With Round Potatoes,665 g,"$9.49
 ea.",,$1.43 /100g,,,https://product-images.metro.ca/images/hcc/h54/11281586225182.jpg,https://www.metro.ca/en/online-grocery/search-page-416
ALEXIS DE PORTNEUF,Cendré De Lune™ Triple Cream Brie Cheese,200 g,"$12.49
 ea.",,$6.25 /100g,,,https://product-images.metro.ca/images/h6b/h99/10143900565534.jpg,https://www.metro.ca/en/online-grocery/search-page-416
OCEANIA,Lobster Spread,160 g,"$3.99
 ea.",,$2.49 /100g,"Regular price
$4.49  ea.","Valid until Jan 17, 2024",https://product-images.metro.ca/images/h51/hb9/8908672172062.jpg,https://www.metro.ca/en/online-grocery/search-page-416
CATELLI,"Manicotti Pasta, Classic",225 g,"$4.69
 ea.",,$2.08 /100g,,,,https://www.metro.ca/en/online-grocery/search-page-416
OLIVIERI,Skillet Gnocchi,700 g,"$11.49
 ea.",,$1.64 /100g,,,https://product-images.metro.ca/images/h33/h82/10486560489502.jpg,https://www.metro.ca/en/online-grocery/search-page-416
IRRESISTIBLES,"Frozen Canadian Pizza With Bacon, Pepperoni And Mush...",1.13 kg,"$8.99
 ea.",,$0.80 /100g,,,,https://www.metro.ca/en/online-grocery/search-page-416
CLIF BAR,Chocolate Almond Fudge Flavoured Energy Bar,68 g,"$2.19
 ea.",,$3.22 /100g,,,https://product-images.metro.ca/images/h89/h9c/11540982562846.jpg,https://www.metro.ca/en/online-grocery/search-page-416
RIVIERA,Lactose Free Swiss Cheese,200 g,"$7.99
 ea.",,$4.00 /100g,"Regular price
$9.49  ea.","Valid until Jan 17, 2024",https://product-images.metro.ca/images/h3d/hf3/9640186183710.jpg,https://www.metro.ca/en/online-grocery/search-page-416
DORSET CEREALS,Simply Nutty Muesli,560 g,"$7.49
 ea.",,$1.34 /100g,,,https://product-images.metro.ca/images/hbd/hd8/11244010733598.jpg,https://www.metro.ca/en/online-grocery/search-page-416
LA BOUCANERIE,Sliced Smoked Salmon,85 g,"$8.99
 ea.",,$10.58 /100g,,,https://product-images.metro.ca/images/h42/h15/9005860651038.jpg,https://www.metro.ca/en/online-grocery/search-page-416
SARDO,"Almond Stuffed Olives, Deli Market",250 mL,"$6.99
 ea.",,$2.80 /100ml,,,,https://www.metro.ca/en/online-grocery/search-page-416
NUTRINOR,3.8% Whole Milk,2 L,"$8.19
 ea.",,$0.41 /100ml,,,https://product-images.metro.ca/images/ha7/he3/11292677570590.jpg,https://www.metro.ca/en/online-grocery/search-page-416
NOTRE VIN MAISON,Canadian Red Wine,1 L,"$12.99
 ea.",,$1.30 /100ml,,,https://product-images.metro.ca/images/h03/h03/10529548173342.jpg,https://www.metro.ca/en/online-grocery/search-page-416
TWININGS,Green Tea,20 un,"$5.79
 ea.",,$0.29 /un.,,,https://product-images.metro.ca/images/hdf/hb1/11665361502238.jpg,https://www.metro.ca/en/online-grocery/search-page-416
SNOWDON BAKERY,Long Egg Twist Bread,480 g,"$7.79
 ea.",,$1.62 /100g,,,https://product-images.metro.ca/images/hed/h55/8913672601630.jpg,https://www.metro.ca/en/online-grocery/search-page-417
SELECTION,Light Table Syrup,750 mL,"$3.99
 ea.",,$0.53 /100ml,"Regular price
$4.49  ea.","Valid until Feb 7, 2024",https://product-images.metro.ca/images/hac/h7c/9518945370142.jpg,https://www.metro.ca/en/online-grocery/search-page-417
COMMENSAL,Original Chili,500 mL,"$8.79
 ea.",,$1.76 /100ml,,,https://product-images.metro.ca/images/hfb/h83/10308000907294.jpg,https://www.metro.ca/en/online-grocery/search-page-417
MUTTI,Strained Tomatoes,700 g,"$4.69
 ea.",,$0.69 /100ml,"Regular price
$5.79  ea.","Valid until Jan 24, 2024",https://product-images.metro.ca/images/h41/h1c/12191727779870.jpg,https://www.metro.ca/en/online-grocery/search-page-417
NESTLÉ,"Chocolate Bars, Mirage",4x41 g,"$5.99
 ea.",,$3.65 /100g,,,,https://www.metro.ca/en/online-grocery/search-page-417
LIGHTLIFE,"Plant-Based Hot Dogs, Smart Dogs",340 g,"$4.99
 ea.",,$1.47 /100g,,,,https://www.metro.ca/en/online-grocery/search-page-417
ROBIN HOOD,Blending Flour,2.5 kg,"$6.49
 ea.",,$0.26 /100g,"Regular price
$7.49  ea.","Valid until Feb 7, 2024",https://product-images.metro.ca/images/hca/hdc/10475412455454.jpg,https://www.metro.ca/en/online-grocery/search-page-417
LA FOURNÉE DORÉE,Tear And Share Chocolate Brioche,400 g,"$7.49
 ea.",,$1.87 /100g,,,https://product-images.metro.ca/images/h33/h49/9533620420638.jpg,https://www.metro.ca/en/online-grocery/search-page-417
SPRITE,Soft Drink,500 mL,"$2.99
 ea.",,$0.60 /100ml,,,https://product-images.metro.ca/images/h26/h73/10495655510046.jpg,https://www.metro.ca/en/online-grocery/search-page-417
SESMARK,Ancient Grains Crackers With Sea Salt,100 g,"$2.99
 ea.",,$2.99 /100g,"Regular price
$3.99  ea.","Valid until Jan 24, 2024",https://product-images.metro.ca/images/h1c/he2/8819388219422.jpg,https://www.metro.ca/en/online-grocery/search-page-417
LA FOURNÉE DORÉE,French Recipe Mini Brioche,12 un - 480 g,"$7.79
 ea.",,$1.62 /100g,,,https://product-images.metro.ca/images/he9/hac/9858127069214.jpg,https://www.metro.ca/en/online-grocery/search-page-417
MOLSON,"Lager Beer, Dry",12x355 mL - cans,"$21.99
 ea.",,$0.52 /100ml,,,,https://www.metro.ca/en/online-grocery/search-page-417
KICKING HORSE,Organic Smart Ass® Ground Coffee,284 g,"$13.99
 ea.",,$4.93 /100g,,,https://product-images.metro.ca/images/he3/ha5/12191701762078.jpg,https://www.metro.ca/en/online-grocery/search-page-417
FEBREZE,"Bora Bora Waters Air Refreshner, Air",250 g,"$4.99
 ea.",,$2.00 /100g,,,,https://www.metro.ca/en/online-grocery/search-page-417
BAGELWICH,Sliced Everything BBQ Bagelwich Bread,420 g,"$5.79
 ea.",,$1.38 /100g,,,https://product-images.metro.ca/images/hea/h90/10183973044254.jpg,https://www.metro.ca/en/online-grocery/search-page-417
VAN HOUTTE,Light Roast Vanilla Hazelnut Flavoured K-Cup Coffee ...,12 un,"$9.99
 ea.",,$0.83 /un.,"Regular price
$11.99  ea.","Valid until Feb 7, 2024",,https://www.metro.ca/en/online-grocery/search-page-417
ALEXIS DE PORTNEUF,L'Étoile De Saint-Raymond™ Ashed Triple Cream Cheese,300 g,"$11.49
 ea.",,$3.83 /100g,"Regular price
$12.49  ea.","Valid until Jan 17, 2024",,https://www.metro.ca/en/online-grocery/search-page-417
TIDE,"Free And Gentle Laundry Detergent Pacs, Free & Gentl...",20 loads,"$7.49
 ea.",,$0.37 /un.,"Regular price
$8.99  ea.","Valid until Feb 7, 2024",,https://www.metro.ca/en/online-grocery/search-page-417
BEL GAUFRE,Maple Waffles,6 un,"$6.99
 ea.",,$1.75 /100g,,,https://product-images.metro.ca/images/h1a/h91/10918232227870.jpg,https://www.metro.ca/en/online-grocery/search-page-417
SELECTION,Tomato Ketchup With Less Salt,750 mL,"$3.99
 ea.",,$0.53 /100ml,"Regular price
$4.49  ea.","Valid until Jan 24, 2024",https://product-images.metro.ca/images/h1a/h03/8963987013662.jpg,https://www.metro.ca/en/online-grocery/search-page-417
CLOVER LEAF,Salmon Salad With Light Dressing,78 g,"$1.99
 ea.",,$2.55 /100g,"Regular price
$2.69  ea.","Valid until Jan 10, 2024",https://product-images.metro.ca/images/h03/h13/11374789034014.jpg,https://www.metro.ca/en/online-grocery/search-page-417
PLANTERS,"Trail Mix Snack, Nuts And Cranberry Cocktail Mix",350 g,"$4.99
 ea.",,$1.43 /100g,,,https://product-images.metro.ca/images/h8e/hca/12354372272158.jpg,https://www.metro.ca/en/online-grocery/search-page-417
CLUB HOUSE,Ground Cinnamon,125 g,"$9.49
 ea.",,$7.59 /100g,,,https://product-images.metro.ca/images/h79/h84/10170573357086.jpg,https://www.metro.ca/en/online-grocery/search-page-417
DOUBLE FRUIT,Cherry Fruit Spread,500 mL,"$5.99
 ea.",,$1.20 /100ml,"Regular price
$6.49  ea.","Valid until Feb 7, 2024",https://product-images.metro.ca/images/h51/h77/11401284550686.jpg,https://www.metro.ca/en/online-grocery/search-page-417
BLUE MOON,Belgian-Style White Beer,473 mL,"$4.79
 ea.",,$1.01 /100ml,,,https://product-images.metro.ca/images/hb2/h47/11094890610718.jpg,https://www.metro.ca/en/online-grocery/search-page-417
MARY'S ORGANIC CRACKERS,Organic Gluten Free Everything Crackers,155 g,"$7.29
 ea.",,$4.67 /100g,"Regular price
$8.99  ea.","Valid until Jan 24, 2024",https://product-images.metro.ca/images/he7/h6c/10062198505502.jpg,https://www.metro.ca/en/online-grocery/search-page-417
CADBURY,"Chocolate Bar, Caramilk",100 g,"$2.99
 ea.",,$2.99 /100g,"Regular price
$3.49  ea.","Valid until Jan 24, 2024",,https://www.metro.ca/en/online-grocery/search-page-417
BOOST,"Vanilla Flavoured Meal Replacement, High Protein",6x237 mL,"$14.99
 ea.",,$1.05 /100ml,"Regular price
$17.99  ea.","Valid until Feb 7, 2024",,https://www.metro.ca/en/online-grocery/search-page-417
HAIKU,Green Tea Asian Style Noodles,300 g,"$3.99
 ea.",,$1.33 /100g,"Regular price
$4.49  ea.","Valid until Jan 24, 2024",https://product-images.metro.ca/images/h8a/hb8/11521154809886.jpg,https://www.metro.ca/en/online-grocery/search-page-417
BAILEYS,French Vanilla Non-Alcoholic Coffee Creamer,400 mL,"$4.29
 ea.",,$1.07 /100ml,,,https://product-images.metro.ca/images/he8/hab/9514764828702.jpg,https://www.metro.ca/en/online-grocery/search-page-417
SAPUTO,"Shredded Parmesan Cheese, Tradition",140 g,"$7.29
 ea.",,$5.21 /100g,,,,https://www.metro.ca/en/online-grocery/search-page-418
SPLASH BLAST,Raspberry Flavoured Water Beverage,6x500 mL,"$3.79
 ea.",,$0.13 /100ml,,,https://product-images.metro.ca/images/h77/hfb/11374751744030.jpg,https://www.metro.ca/en/online-grocery/search-page-418
OZERY,"Apple And Cinnamon Breakfast Buns, Morning Rounds",450 g,"$4.99
 ea.",,$1.11 /100g,"Regular price
$5.79  ea.","Valid until Jan 17, 2024",,https://www.metro.ca/en/online-grocery/search-page-418
PLANTERS,Barbecue Flavoured Peanuts,275 g,"$3.49
 ea.",,$1.27 /100g,,,https://product-images.metro.ca/images/hdc/h7a/9518443200542.jpg,https://www.metro.ca/en/online-grocery/search-page-418
IRRESISTIBLES,Frozen Assorted Shrimp Hors-D'Oeuvre Trio With Sweet...,563 g,"$16.99
 ea.",,$3.02 /100g,,,,https://www.metro.ca/en/online-grocery/search-page-418
DARE,"Cereal And Strawberries Soft Cookies, Bear Paws",189 g,"$4.69
 ea.",,$2.48 /100g,,,,https://www.metro.ca/en/online-grocery/search-page-418
NANDO'S,Peri-Peri Hot Sauce,250 mL,"$6.29
 ea.",,$2.52 /100ml,"Regular price
$7.99  ea.","Valid until Jan 24, 2024",https://product-images.metro.ca/images/h7d/h33/12191717589022.jpg,https://www.metro.ca/en/online-grocery/search-page-418
NEW YORK STYLE,Sesame Bagel Crisps,170 g,"$6.99
 ea.",,$4.11 /100g,,,https://product-images.metro.ca/images/h57/h3b/9529778634782.jpg,https://www.metro.ca/en/online-grocery/search-page-418
COMMENSAL,Three Bean Vegetarian Mexican Chili,500 mL,"$8.79
 ea.",,$1.76 /100ml,,,https://product-images.metro.ca/images/h27/h39/10307995500574.jpg,https://www.metro.ca/en/online-grocery/search-page-418
LE PHARE DU CAP BON,Harissa Sauce,70 g,"$1.69
 ea.",,$2.41 /100g,,,https://product-images.metro.ca/images/hd0/h04/11590606487582.jpg,https://www.metro.ca/en/online-grocery/search-page-418
OASIS,"Cocktail Veggie Juice, 10 Vegetables",960 mL,"$2.99
 ea.",,$0.31 /100ml,,,,https://www.metro.ca/en/online-grocery/search-page-418
LA CROIX,Lemon Flavoured Sparkling Water,8x355 mL,"$6.29
 ea.",,$0.22 /100ml,,,https://product-images.metro.ca/images/h21/h46/9999350693918.jpg,https://www.metro.ca/en/online-grocery/search-page-418
DOMAINE MARQUIS DE MÉRICOURT,Quebec Red Wine,1 L,"$10.79
 ea.",,$1.08 /100ml,"Regular price
$12.29  ea.","Valid until Feb 7, 2024",https://product-images.metro.ca/images/h2d/hd1/12007219101726.jpg,https://www.metro.ca/en/online-grocery/search-page-418
LAKEWOOD,"Pure Prune Juice, Organic",946 mL,"$12.49
 ea.",,$1.32 /100ml,,,,https://www.metro.ca/en/online-grocery/search-page-418
ST-HUBERT,Spinach Quiche,525 g,"$6.99
 ea.",,$1.33 /100g,"Regular price
$11.99  ea.","Valid until Jan 10, 2024",https://product-images.metro.ca/images/ha0/h98/11754145480734.jpg,https://www.metro.ca/en/online-grocery/search-page-418
HERSHEY'S,Creamy Milk Chocolate Bar,100 g,"$2.99
 ea.",,$2.99 /100g,"Regular price
$3.29  ea.","Valid until Jan 24, 2024",https://product-images.metro.ca/images/hf4/h45/10778557710366.jpg,https://www.metro.ca/en/online-grocery/search-page-418
LA PARISIENNE,Tonique™ Citrus And Lily Of The Valley Fabric Soften...,80 sheets,"$5.49
 ea.",,$0.07 /load,,,,https://www.metro.ca/en/online-grocery/search-page-418
SUMMER FRESH,Pad Thai Salad,800 g,"$10.49
 ea.",,$1.31 /100g,"Regular price
$12.49  ea.","Valid until Jan 17, 2024",https://product-images.metro.ca/images/hf2/ha3/9533638934558.jpg,https://www.metro.ca/en/online-grocery/search-page-418
CORDON BLEU,Meatballs In Gravy,665 g,"$9.49
 ea.",,$1.43 /100g,,,https://product-images.metro.ca/images/h3b/h2d/11477835087902.jpg,https://www.metro.ca/en/online-grocery/search-page-418
AGROPUR IMPORT COLLECTION,Jarlsberg Firm Ripened Cheese,1 piece,"$8.24
 avg. ea.",(150 g avg.),$54.90 /kg$24.90 /lb.,,,https://product-images.metro.ca/images/hdd/hc5/8886718758942.jpg,https://www.metro.ca/en/online-grocery/search-page-418
WALKERS,Pure Butter Shortbread Rounds,150 g,"$4.49
 ea.",,$2.99 /100g,,,https://product-images.metro.ca/images/hba/h06/11675979448350.jpg,https://www.metro.ca/en/online-grocery/search-page-418
SELECTION,Ground Coriander,74 g,"$1.99
 ea.",,$2.69 /100g,,,https://product-images.metro.ca/images/h5a/h67/9020171255838.jpg,https://www.metro.ca/en/online-grocery/search-page-418
IRRESISTIBLES,Fresh Bay Leaves,10 g,"$2.99
 ea.",,$14.24 /100g,,,https://product-images.metro.ca/images/hd6/hf7/8959525519390.jpg,https://www.metro.ca/en/online-grocery/search-page-418
CHEF BOYARDEE,Overstuffed Beef Ravioli,425 g,"$2.79
 ea.",,$0.66 /100g,"Regular price
$3.49  ea.","Valid until Jan 24, 2024",https://product-images.metro.ca/images/ha7/h4c/9761054228510.jpg,https://www.metro.ca/en/online-grocery/search-page-418
MONDOUX,"Original Candy Mix, Sweet Sixteen",400 g,"$6.79
 ea.",,$1.70 /100g,,,,https://www.metro.ca/en/online-grocery/search-page-418
SELECTION,Beef Sauce,284 mL,"$2.19
 ea.",,$0.77 /100ml,,,https://product-images.metro.ca/images/h8d/hb9/11198049320990.jpg,https://www.metro.ca/en/online-grocery/search-page-418
NUTELLA,"Hazelnut Spread With Cocoa & Breadsticks, Nutella &Go!",4x52 g,"$5.99
 ea.",,$1.50 /un.,,,,https://www.metro.ca/en/online-grocery/search-page-418
NESCAFÉ,"Classic Instant Coffee, Taster'S Choice",250 g,"$16.99
 ea.",,$6.80 /100g,,,,https://www.metro.ca/en/online-grocery/search-page-418
CLASSICO,"Traditional Pizza Sauce, Di Napoli",410 mL,"$5.49
 ea.",,$1.34 /100ml,,,,https://www.metro.ca/en/online-grocery/search-page-418
RIVIERA,35% Fresh Cream,2x120 mL,"$5.49
 ea.",,$2.29 /100ml,,,https://product-images.metro.ca/images/h10/h22/11401267740702.jpg,https://www.metro.ca/en/online-grocery/search-page-418
MARQUIS DE MÉRICOURT,Canadian Red Wine,4 L,"$42.99
 ea.",,$1.07 /100ml,,,https://product-images.metro.ca/images/h32/h6e/12007224180766.jpg,https://www.metro.ca/en/online-grocery/search-page-419
IVORY,"Lavender Scented Body Wash, Clean",621 mL,"$5.49
 ea.",,$0.88 /100ml,,,,https://www.metro.ca/en/online-grocery/search-page-419
VAN HOUTTE,"Medium Roast Decaffeinated K-Cup Coffee Pods, House ...",12 un,"$9.99
 ea.",,$0.83 /un.,"Regular price
$11.99  ea.","Valid until Feb 7, 2024",,https://www.metro.ca/en/online-grocery/search-page-419
SCHWEPPES,Club Soda,6x222 mL,"2 / 
$8.00",,$0.30 /100ml,"Regular price
$4.99  ea.","Valid until Jan 24, 2024",https://product-images.metro.ca/images/h4c/hef/9711264563230.jpg,https://www.metro.ca/en/online-grocery/search-page-419
REKO,"Italian Lemon Waffle Cookies, Pizzelle",200 g,"$5.49
 ea.",,$2.75 /100g,,,,https://www.metro.ca/en/online-grocery/search-page-419
CLUB HOUSE,"Greek Seasoning, Signature Blends",120 g,"$6.49
 ea.",,$5.41 /100g,,,,https://www.metro.ca/en/online-grocery/search-page-419
COOL WAY,Cookies And Cream Flavoured Ice Cream,500 mL,"$5.99
 ea.",,$1.20 /100ml,"Regular price
$6.49  ea.","Valid until Feb 14, 2024",https://product-images.metro.ca/images/h32/hb8/11642950254622.jpg,https://www.metro.ca/en/online-grocery/search-page-419
CADBURY,"Chocolate Bars, Crunchie",4 un,"$4.99
 ea.",,$1.25 /un.,"Regular price
$5.99  ea.","Valid until Jan 24, 2024",,https://www.metro.ca/en/online-grocery/search-page-419
GOOD THINS,Gluten Free Sea Salt Flavoured Corn And Rice Crackers,100 g,"$4.99
 ea.",,$4.99 /100g,,,https://product-images.metro.ca/images/he3/hc6/11432770306078.jpg,https://www.metro.ca/en/online-grocery/search-page-419
QUAKER,Blueberry Buttermilk Muffin Mix,900 g,"$4.49
 ea.",,$0.50 /100g,"Regular price
$5.99  ea.","Valid until Jan 10, 2024",https://product-images.metro.ca/images/h38/h09/12279412293662.jpg,https://www.metro.ca/en/online-grocery/search-page-419
NESTLÉ,"Candy Coated Milk Chocolate, Smarties",4x45 g,"$5.99
 ea.",,$3.33 /100g,,,,https://www.metro.ca/en/online-grocery/search-page-419
BELLE GROVE,Organic Portabella Mushrooms,170 g,"$5.99
 ea.",,$3.52 /100g,,,https://product-images.metro.ca/images/h9f/hb6/9190087098398.jpg,https://www.metro.ca/en/online-grocery/search-page-419
LÄRABAR,Gluten Free Peanut Butter And Chocolate Chip Fruit A...,45 g,"$1.99
 ea.",,$4.42 /100g,"Regular price
$2.19  ea.","Valid until Feb 7, 2024",,https://www.metro.ca/en/online-grocery/search-page-419
,Organic Bosc Pear,,"$1.50
 avg. ea.",(170 g avg.),$8.80 /kg$3.99 /lb.,,,https://product-images.metro.ca/images/h94/h8a/8884318732318.jpg,https://www.metro.ca/en/online-grocery/search-page-419
WALTER,Classic Spice Craft Caesar Mix,946 mL,"$8.49
 ea.",,$0.90 /100ml,"Regular price
$9.99  ea.","Valid until Jan 24, 2024",https://product-images.metro.ca/images/h42/h4b/9342880481310.jpg,https://www.metro.ca/en/online-grocery/search-page-419
IRRESISTIBLES,"Mushroom Medley, Life Smart",284 mL,"$2.29
 ea.",,$0.81 /100ml,,,,https://www.metro.ca/en/online-grocery/search-page-419
MR. NOODLES,"Chicken Flavour Bowl Noodles, Kimchi",86 g,"6 / 
$6.00",,or $1.49 ea. $1.16 /100g,"Regular price
$1.99  ea.","Valid until Jan 24, 2024",,https://www.metro.ca/en/online-grocery/search-page-419
MAISONNEUVE & FILS,Glazed Donuts,6 un,"$8.79
 ea.",,$2.20 /100g,,,https://product-images.metro.ca/images/hd8/hbf/9519052554270.jpg,https://www.metro.ca/en/online-grocery/search-page-419
SELECTION,House Italian Dressing,475 mL,"$2.99
 ea.",,$0.63 /100ml,"Regular price
$3.69  ea.","Valid until Jan 24, 2024",https://product-images.metro.ca/images/hd2/hde/9693821861918.jpg,https://www.metro.ca/en/online-grocery/search-page-419
MARS,"Chocolate Bars, Snickers",4x52 g,"$6.29
 ea.",,$3.02 /100g,,,,https://www.metro.ca/en/online-grocery/search-page-419
CHAMPÊTRE,Natural Parisian Potatoes,500 g,"$4.99
 ea.",,$1.00 /100g,,,https://product-images.metro.ca/images/h3a/hbf/8831571263518.jpg,https://www.metro.ca/en/online-grocery/search-page-419
PABST BLUE RIBBON,Lager Beer,12x355 mL - cans,"$17.99
 ea.",,$0.42 /100ml,,,https://product-images.metro.ca/images/h22/h50/10101045461022.jpg,https://www.metro.ca/en/online-grocery/search-page-419
SELECTION,Light Zesty Italian Dressing,475 mL,"$2.99
 ea.",,$0.63 /100ml,"Regular price
$3.69  ea.","Valid until Jan 24, 2024",https://product-images.metro.ca/images/h4b/ha0/11521116176414.jpg,https://www.metro.ca/en/online-grocery/search-page-419
OLD EL PASO,"Hot Salsa, Thick N' Chunky",650 mL,"$5.79
 ea.",,$0.89 /100ml,,,,https://www.metro.ca/en/online-grocery/search-page-419
METROGO!,"Beef Alouettes, Value Pack",,"$11.89
 avg. ea.",(600 g avg.),$19.82 /kg$8.99 /lb.,"Regular price
$22.02  avg. kg","Valid until Jan 10, 2024",,https://www.metro.ca/en/online-grocery/search-page-419
PACIFIC,Organic Chicken Broth,946 mL,"$6.79
 ea.",,$0.72 /100ml,"Regular price
$7.49  ea.","Valid until Jan 24, 2024",https://product-images.metro.ca/images/h5c/hc8/9858119663646.jpg,https://www.metro.ca/en/online-grocery/search-page-419
ORIENT,"Japanese Style Noodle, Udon",200 g,"$2.29
 ea.",,$1.15 /100g,,,,https://www.metro.ca/en/online-grocery/search-page-419
,Organic Russet Potatoes,5 lb,"$6.99
 ea.",,$0.31 /100g,,,https://product-images.metro.ca/images/hdd/ha0/8973387399198.jpg,https://www.metro.ca/en/online-grocery/search-page-419
RISE KOMBUCHA,Organic Ginger Sparkling Fermented Beverage,1 L,"$9.29
 ea.",,$0.93 /100ml,,,https://product-images.metro.ca/images/h08/h34/11161645350942.jpg,https://www.metro.ca/en/online-grocery/search-page-419
BAND-AID,Assorted Flexible Fabric Bandages,50 un,"$7.29
 ea.",,$0.15 /un.,,,https://product-images.metro.ca/images/hc1/hd9/9973413707806.jpg,https://www.metro.ca/en/online-grocery/search-page-419
YVES VEGGIE CUISINE,Sweet Potato And Chia Bites,240 g,"$6.99
 ea.",,$2.91 /100g,,,https://product-images.metro.ca/images/h39/hbf/9522474385438.jpg,https://www.metro.ca/en/online-grocery/search-page-420
DION,Ground Turmeric,41 g,"$2.99
 ea.",,$7.29 /100g,"Regular price
$3.19  ea.","Valid until Feb 7, 2024",https://product-images.metro.ca/images/h1a/hef/10319477178398.jpg,https://www.metro.ca/en/online-grocery/search-page-420
DEL MONTE,Fruit Cocktail In Juice With No Added Sugar,796 mL,"$5.99
 ea.",,$0.75 /100ml,,,https://product-images.metro.ca/images/h5b/h04/10309906268190.jpg,https://www.metro.ca/en/online-grocery/search-page-420
TIM HORTONS,Original Blend Ground Coffee,300 g,"$10.49
 ea.",,$3.50 /100g,,,https://product-images.metro.ca/images/h94/h95/11272677982238.jpg,https://www.metro.ca/en/online-grocery/search-page-420
CALIFIA FARMS,Unsweetened Almond Beverage,1.4 L,"$8.29
 ea.",,$0.59 /100ml,,,https://product-images.metro.ca/images/h90/h11/10841513132062.jpg,https://www.metro.ca/en/online-grocery/search-page-420
SILVERTHORNE,Australian Red Wine,750 mL,"$15.49
 ea.",,$2.07 /100ml,,,https://product-images.metro.ca/images/hc1/h5c/10399683903518.jpg,https://www.metro.ca/en/online-grocery/search-page-420
SUN-MAID,Pitted Prunes,250 g,"$5.29
 ea.",,$2.12 /100g,,,https://product-images.metro.ca/images/h43/hfd/12191670829086.jpg,https://www.metro.ca/en/online-grocery/search-page-420
LITEHOUSE,Freeze-Dried Basil,8 g,"$5.99
 ea.",,$74.88 /100g,"Regular price
$6.99  ea.","Valid until Jan 10, 2024",https://product-images.metro.ca/images/hb2/h7d/11243964825630.jpg,https://www.metro.ca/en/online-grocery/search-page-420
S SENSE,Regular Green Tea,36 un,"$4.49
 ea.",,$0.12 /un.,,,https://product-images.metro.ca/images/h36/h65/9894726598686.jpg,https://www.metro.ca/en/online-grocery/search-page-420
HERSHEY'S,"Peanut Butter Chocolate Bar, Reese'S",120 g,"$2.99
 ea.",,$2.49 /100g,"Regular price
$3.29  ea.","Valid until Jan 24, 2024",,https://www.metro.ca/en/online-grocery/search-page-420
KILKENNY,Irish Cream Ale Beer,4x500 mL,"2 / 
$23.98",,or $13.99 ea. $0.60 /100ml,,"Valid until Feb 7, 2024",https://product-images.metro.ca/images/h04/h8b/11679642157086.jpg,https://www.metro.ca/en/online-grocery/search-page-420
VAN HOUTTE,"Dark Roast K-Cup Coffee Pods, Colombian Dark",12 un,"$9.99
 ea.",,$0.83 /un.,"Regular price
$11.99  ea.","Valid until Feb 7, 2024",,https://www.metro.ca/en/online-grocery/search-page-420
MILK BONE,Medium Biscuits For Dogs Over 9 Kg,900 g,"$5.79
 ea.",,$0.64 /100g,,,https://product-images.metro.ca/images/h2a/hc8/10183744847902.jpg,https://www.metro.ca/en/online-grocery/search-page-420
TWININGS,English Breakfast Tea,50 un,"$9.99
 ea.",,$0.20 /un.,"Regular price
$10.99  ea.","Valid until Feb 7, 2024",https://product-images.metro.ca/images/h34/h7d/11665361403934.jpg,https://www.metro.ca/en/online-grocery/search-page-420
GATORADE,"Sport Drink Beverage Variety Pack, G2",24x591 mL,"$19.99
 ea.",,$0.14 /100ml,,,,https://www.metro.ca/en/online-grocery/search-page-420
COLAVITA,Mediterraneo Traditional Extra Virgin Olive Oil,750 mL,"$17.99
 ea.",,$2.40 /100ml,,,https://product-images.metro.ca/images/h54/h6d/12050698928158.jpg,https://www.metro.ca/en/online-grocery/search-page-420
COCA-COLA,Zero Sugar Soft Drink,500 mL,"$2.99
 ea.",,$0.60 /100ml,,,https://product-images.metro.ca/images/hff/hd5/10495685099550.jpg,https://www.metro.ca/en/online-grocery/search-page-420
CLUB HOUSE,Chili Powder,138 g,"$7.29
 ea.",,$5.28 /100g,,,https://product-images.metro.ca/images/h14/hfc/10486546497566.jpg,https://www.metro.ca/en/online-grocery/search-page-420
IRRESISTIBLES,Colombian Ground Coffee,340 g,"$6.99
 ea.",,$2.06 /100g,"Regular price
$8.49  ea.","Valid until Jan 10, 2024",https://product-images.metro.ca/images/h96/hb4/8962361294878.jpg,https://www.metro.ca/en/online-grocery/search-page-420
LESTERS,Old Fashion Smoked Beef,,"$4.19
 / 100 g",,$41.90 /kg$19.01 /lb.,,,https://product-images.metro.ca/images/hca/hac/10382954627102.jpg,https://www.metro.ca/en/online-grocery/search-page-420
SELECTION,Toupie Style Ham Slices,1 un,"$6.16
 avg. ea.",(400 g avg.),$15.41 /kg$6.99 /lb.,"Regular price
$16.51  avg. kg","Valid until Jan 17, 2024",https://product-images.metro.ca/images/h1e/hab/10475633344542.jpg,https://www.metro.ca/en/online-grocery/search-page-420
ST. DALFOUR,Red Raspberry Deluxe Spread,225 mL,"$7.49
 ea.",,$3.33 /100ml,,,https://product-images.metro.ca/images/h20/h8b/11541015560222.jpg,https://www.metro.ca/en/online-grocery/search-page-420
SNOWDON BAKERY,Small Round Egg Twist Bread,480 g,"$7.79
 ea.",,$1.62 /100g,,,https://product-images.metro.ca/images/h46/h79/8906538614814.jpg,https://www.metro.ca/en/online-grocery/search-page-420
CASTELLO,Extra Creamy Blue Cheese,150 g,"$8.00
 ea.",,$5.33 /100g,"Regular price
$8.99  ea.","Valid until Jan 10, 2024",https://product-images.metro.ca/images/h5c/h35/10143924256798.jpg,https://www.metro.ca/en/online-grocery/search-page-420
SAINT-JUSTIN,Carbonated Natural Mineral Water,750 mL,"$1.99
 ea.",,$0.27 /100ml,"Regular price
$2.39  ea.","Valid until Feb 7, 2024",https://product-images.metro.ca/images/ha1/h9e/9518185316382.jpg,https://www.metro.ca/en/online-grocery/search-page-420
METROGO!,Marinara Mussels,,"$7.04
 avg. ea.",(400 g avg.),$17.61 /kg$7.99 /lb.,,,https://product-images.metro.ca/images/hec/h64/11930966786078.jpg,https://www.metro.ca/en/online-grocery/search-page-420
GAROFALO,Orzo,500 g,"$4.29
 ea.",,$0.86 /100g,,,https://product-images.metro.ca/images/h6d/h7b/11642953990174.jpg,https://www.metro.ca/en/online-grocery/search-page-420
TEMPTATIONS,"Chicken Flavoured Cat Treats, Value Pack",454 g,"$7.99
 ea.",,$1.76 /100g,"Regular price
$9.99  ea.","Valid until Jan 24, 2024",,https://www.metro.ca/en/online-grocery/search-page-420
MRS.CUBBISON'S,Authentic Wonton Strips,99 g,"$3.49
 ea.",,$3.53 /100g,"Regular price
$4.19  ea.","Valid until Jan 24, 2024",https://product-images.metro.ca/images/h6e/h35/9530000146462.jpg,https://www.metro.ca/en/online-grocery/search-page-420
QUE PASA,Organic Medium Salsa,420 mL,"$4.69
 ea.",,$1.12 /100ml,,,https://product-images.metro.ca/images/h1e/h52/11761497145374.jpg,https://www.metro.ca/en/online-grocery/search-page-420
LEFFE,Strong Belgian Blond Beer,6x330 mL - bottles,"3 / 
$35.97",,or $14.49 ea. $0.61 /100ml,"Regular price
$15.49  ea.","Valid until Feb 7, 2024",https://product-images.metro.ca/images/h41/h16/8812236111902.jpg,https://www.metro.ca/en/online-grocery/search-page-421
GRAND PRÉ,2% Uht Milk,1 L,"$4.19
 ea.",,$0.42 /100ml,,,https://product-images.metro.ca/images/h35/h48/11574097608734.jpg,https://www.metro.ca/en/online-grocery/search-page-421
IAMS,"Healthy Adult™ Tuna Recipe Pâté Cat Food, Perfect Po...",2x37.5 g,"$1.99
 ea.",,$2.65 /100g,,,,https://www.metro.ca/en/online-grocery/search-page-421
PASTENE,Solid Light Tuna In Vegetable Oil,99 g,"$1.89
 ea.",,$1.91 /100g,,,https://product-images.metro.ca/images/hae/hee/12050674515998.jpg,https://www.metro.ca/en/online-grocery/search-page-421
TWININGS,Decaffeinated Earl Grey Tea,20 un,"$5.79
 ea.",,$0.29 /un.,,,https://product-images.metro.ca/images/h82/h01/11665357439006.jpg,https://www.metro.ca/en/online-grocery/search-page-421
BONNE MAMAN,Peach Jam,250 mL,"$7.49
 ea.",,$3.00 /100ml,,,https://product-images.metro.ca/images/h34/h31/9529951322142.jpg,https://www.metro.ca/en/online-grocery/search-page-421
NUVEL,Margarine,800 g,"$6.99
 ea.",,$0.87 /100g,"Regular price
$7.79  ea.","Valid until Feb 14, 2024",https://product-images.metro.ca/images/ha7/h73/11574078373918.jpg,https://www.metro.ca/en/online-grocery/search-page-421
TIM HORTONS,"Decaf K-Cup® Coffee Pods, Keurig",12 un,"$12.29
 ea.",,$1.02 /un.,,,,https://www.metro.ca/en/online-grocery/search-page-421
SMOKY BAY,Australian Rosé Wine,1 L,"$13.49
 ea.",,$1.35 /100ml,"Regular price
$14.99  ea.","Valid until Feb 7, 2024",https://product-images.metro.ca/images/h2f/hda/9518150746142.jpg,https://www.metro.ca/en/online-grocery/search-page-421
SELECTION,"Soft Drink, Red Cola",12x355 mL,"$5.79
 ea.",,$0.14 /100ml,,,,https://www.metro.ca/en/online-grocery/search-page-421
OCEAN SPRAY,Ruby Red Grapefruit Cocktail,1.89 L,"$5.49
 ea.",,$0.29 /100ml,,,https://product-images.metro.ca/images/hc4/h35/10794063298590.jpg,https://www.metro.ca/en/online-grocery/search-page-421
AMORETTI,Italian White Wine,1 L,"$14.29
 ea.",,$1.43 /100ml,,,https://product-images.metro.ca/images/h32/h96/10529508982814.jpg,https://www.metro.ca/en/online-grocery/search-page-421
CARLOS PEPITO,"White Sangria Flavoured Alcoholic Malt Beverage, Bel...",1 L,"$7.99
 ea.",,$0.80 /100ml,"Regular price
$9.99  ea.","Valid until Feb 7, 2024",,https://www.metro.ca/en/online-grocery/search-page-421
KRISPY KERNELS,Tex Mex Cocktail Mix,225 g,"$3.99
 ea.",,$1.77 /100g,"Regular price
$4.69  ea.","Valid until Jan 24, 2024",https://product-images.metro.ca/images/h27/h6d/11412496711710.jpg,https://www.metro.ca/en/online-grocery/search-page-421
KASHI,"Cereal, GOLEAN Crunch!",390 g,"$7.49
 ea.",,$1.92 /100g,,,,https://www.metro.ca/en/online-grocery/search-page-421
BACARDI,Frozen Concentrated Non-Alcoholic Margarita Mixer,250 mL,"2 / 
$4.00",,$0.80 /100ml,"Regular price
$2.49  ea.","Valid until Jan 10, 2024",https://product-images.metro.ca/images/h2c/hca/11735035281438.jpg,https://www.metro.ca/en/online-grocery/search-page-421
LAVAZZA,Arabica Ground Coffee,250 g,"$7.99
 ea.",,$3.20 /100g,,,https://product-images.metro.ca/images/h25/h68/11243962892318.jpg,https://www.metro.ca/en/online-grocery/search-page-421
RISE KOMBUCHA,Organic Hibiscus And Rose Hips Sparkling Fermented B...,1 L,"$9.29
 ea.",,$0.93 /100ml,,,,https://www.metro.ca/en/online-grocery/search-page-421
OLYMPIC,3.5% Plain Probiotic Balkan Style Yogurt,650 g,"$5.99
 ea.",,$0.92 /100g,,,https://product-images.metro.ca/images/h85/h16/10443187093534.jpg,https://www.metro.ca/en/online-grocery/search-page-421
CASTELLO,Garden Vegetables Havarti Cheese,200 g,"$8.00
 ea.",,$4.00 /100g,"Regular price
$8.49  ea.","Valid until Jan 10, 2024",https://product-images.metro.ca/images/he0/he3/10399675154462.jpg,https://www.metro.ca/en/online-grocery/search-page-421
SELECTION,Lemon Scented All-Purpose Cleaner,1.2 L,"$3.29
 ea.",,$0.27 /100ml,,,https://product-images.metro.ca/images/h29/ha0/8809753083934.jpg,https://www.metro.ca/en/online-grocery/search-page-421
VIM,"Ocean Pure Liquid Floor Cleaner, Oxy-Gel",1 L,"$4.79
 ea.",,$0.48 /100ml,,,,https://www.metro.ca/en/online-grocery/search-page-421
TWININGS,English Breakfast Tea,20 un,"$5.79
 ea.",,$0.29 /un.,,,https://product-images.metro.ca/images/h79/ha0/11665350557726.jpg,https://www.metro.ca/en/online-grocery/search-page-421
FRUITÉ,Orange Drink,2 L,"2 / 
$6.00",,$0.15 /100ml,"Regular price
$3.59  ea.","Valid until Jan 10, 2024",https://product-images.metro.ca/images/h12/hd2/11693710934046.jpg,https://www.metro.ca/en/online-grocery/search-page-421
NESQUIK,Strawberry Flavoured Syrup With Less Sugar,510 mL,"$5.99
 ea.",,$1.17 /100ml,"Regular price
$6.79  ea.","Valid until Feb 7, 2024",https://product-images.metro.ca/images/h34/he8/10121090039838.jpg,https://www.metro.ca/en/online-grocery/search-page-421
SELECTION,Vegetable Instant Noodle Soup,65 g,"$1.00
 ea.",,$1.54 /100g,"Regular price
$1.29  ea.","Valid until Jan 24, 2024",https://product-images.metro.ca/images/hf4/h34/9518614609950.jpg,https://www.metro.ca/en/online-grocery/search-page-421
LA PERRUCHE,Pure Cane Rough Cut Brown Sugar Cubes,250 g,"$4.49
 ea.",,$1.80 /100g,,,https://product-images.metro.ca/images/h78/h28/9522365595678.jpg,https://www.metro.ca/en/online-grocery/search-page-421
PEPSI,Caffeine Free Diet Soft Drink,6x710 mL,"$6.49
 ea.",,$0.15 /100ml,,,https://product-images.metro.ca/images/h3e/h6b/9802555555870.jpg,https://www.metro.ca/en/online-grocery/search-page-421
PLAISIRS GASTRONOMIQUES,Chicken Gratin,715 g,"$13.99
 ea.",,$1.96 /100g,,,https://product-images.metro.ca/images/hca/h5a/9350651609118.jpg,https://www.metro.ca/en/online-grocery/search-page-421
FLATOUT,Original Flatbread Wrap,399 g,"$5.19
 ea.",,$1.30 /100g,,,https://product-images.metro.ca/images/h3f/ha3/11541031780382.jpg,https://www.metro.ca/en/online-grocery/search-page-421
IRRESISTIBLES,Frozen Cooked Northen Shrimp,680 g,"$18.99
 ea.",,$2.79 /100g,,,https://product-images.metro.ca/images/h2d/hed/8996368482334.jpg,https://www.metro.ca/en/online-grocery/search-page-422
BENEFUL,"Grilled Sirloin Steak Dry Food For Small Dogs, Incre...",1.6 kg,"$9.99
 ea.",,$0.62 /100g,"Regular price
$10.99  ea.","Valid until Jan 24, 2024",,https://www.metro.ca/en/online-grocery/search-page-422
LEE KUM KEE,Sriracha Chili Sauce,435 mL,"$7.49
 ea.",,$1.72 /100ml,,,https://product-images.metro.ca/images/h91/hcd/10946106490910.jpg,https://www.metro.ca/en/online-grocery/search-page-422
CLUB HOUSE,Organic Ground Cumin,40 g,"$2.99
 ea.",,$7.48 /100g,"Regular price
$3.29  ea.","Valid until Feb 7, 2024",https://product-images.metro.ca/images/hed/h02/12050724847646.jpg,https://www.metro.ca/en/online-grocery/search-page-422
NATREL,Organic Salted Butter,250 g,"$7.49
 ea.",,$3.00 /100g,,,https://product-images.metro.ca/images/h42/h28/9522569379870.jpg,https://www.metro.ca/en/online-grocery/search-page-422
GLICO,"Chocolate Coated Biscuit Sticks, Pocky",40 g,"$2.49
 ea.",,$6.23 /100g,,,,https://www.metro.ca/en/online-grocery/search-page-422
NUTRI,Large White Eggs,18 un,"$5.89
 ea.",,$0.33 /un.,,,https://product-images.metro.ca/images/h80/h59/10225165500446.jpg,https://www.metro.ca/en/online-grocery/search-page-422
SCHWEPPES,Club Soda,12x355 mL,"$6.98
 ea.",,$0.16 /100ml,"Regular price
$7.99  ea.","Valid until Jan 10, 2024",https://product-images.metro.ca/images/haa/h97/9684953890846.jpg,https://www.metro.ca/en/online-grocery/search-page-422
PLANTERS,"Trail Mix Snack, Supreme Mix",350 g,"$4.99
 ea.",,$1.43 /100g,,,https://product-images.metro.ca/images/h14/ha9/12354370404382.jpg,https://www.metro.ca/en/online-grocery/search-page-422
CEDAR,6 Bean Blend,540 mL,"$1.99
 ea.",,$0.37 /100ml,"Regular price
$2.79  ea.","Valid until Jan 24, 2024",https://product-images.metro.ca/images/hcf/ha6/9719545004062.jpg,https://www.metro.ca/en/online-grocery/search-page-422
IRRESISTIBLES,Frozen Cold-Smoked Steelhead Trout,70 g,"$8.99
 ea.",,$12.84 /100g,,,https://product-images.metro.ca/images/hc1/h4e/10308006936606.jpg,https://www.metro.ca/en/online-grocery/search-page-422
CHRISTIE,"Unsalted Tops Crackers, Premium Plus",900 g,"$8.99
 ea.",,$1.00 /100g,,,,https://www.metro.ca/en/online-grocery/search-page-422
SÉLECTION CHÂTENOIS,Canadian White Wine,4 L,"$42.99
 ea.",,$1.07 /100ml,,,https://product-images.metro.ca/images/h84/h15/9519086207006.jpg,https://www.metro.ca/en/online-grocery/search-page-422
CLUB HOUSE,Organic Ground Black Pepper,28 g,"$2.99
 ea.",,$10.68 /100g,"Regular price
$3.29  ea.","Valid until Feb 7, 2024",https://product-images.metro.ca/images/h95/h82/11188456030238.jpg,https://www.metro.ca/en/online-grocery/search-page-422
BONNE MAMAN,Mixed Berries Jam,250 mL,"$7.49
 ea.",,$3.00 /100ml,,,https://product-images.metro.ca/images/hf0/hdc/9529965051934.jpg,https://www.metro.ca/en/online-grocery/search-page-422
STRUB'S,Hot Prepared Horseradish,250 mL,"$3.49
 ea.",,$1.40 /100ml,,,https://product-images.metro.ca/images/ha3/hd8/8831549833246.jpg,https://www.metro.ca/en/online-grocery/search-page-422
QUAKER,Bran Muffin Mix,900 g,"$4.49
 ea.",,$0.50 /100g,"Regular price
$5.99  ea.","Valid until Jan 10, 2024",https://product-images.metro.ca/images/h68/hd3/12279412916254.jpg,https://www.metro.ca/en/online-grocery/search-page-422
HEIDI,"Dark Chocolate Bar With Hazelnuts, Grand'Or",100 g,"$3.49
 ea.",,$3.49 /un.,"Regular price
$4.49  ea.","Valid until Jan 24, 2024",,https://www.metro.ca/en/online-grocery/search-page-422
SPLASH BLAST,Wild Berry Flavoured Water Beverage,6x500 mL,"$3.79
 ea.",,$0.13 /100ml,,,https://product-images.metro.ca/images/hd0/h72/11374751875102.jpg,https://www.metro.ca/en/online-grocery/search-page-422
PAPILLE,Original Rosette De Lyon Sausage,300 g,"$13.99
 ea.",,$4.66 /100g,,,https://product-images.metro.ca/images/h1d/h97/9529860522014.jpg,https://www.metro.ca/en/online-grocery/search-page-422
CEDAR,Perfumed Rice,907 g,"$4.29
 ea.",,$0.47 /100g,"Regular price
$5.49  ea.","Valid until Jan 24, 2024",https://product-images.metro.ca/images/h77/hdf/8889087361054.jpg,https://www.metro.ca/en/online-grocery/search-page-422
SARDO,Stuffed Mammoth Olives,500 mL,"$6.99
 ea.",,$1.40 /100ml,,,https://product-images.metro.ca/images/h48/h87/12039057932318.jpg,https://www.metro.ca/en/online-grocery/search-page-422
LEE KUM KEE,"Oyster Flavoured Sauce, Panda",510 g,"$5.99
 ea.",,$1.17 /100g,,,,https://www.metro.ca/en/online-grocery/search-page-422
,Brownies,8 brownies x 19 g,"$2.99
 ea.",,$1.97 /100g,,,https://product-images.metro.ca/images/heb/ha3/9099191975966.jpg,https://www.metro.ca/en/online-grocery/search-page-422
IRRESISTIBLES,Melba Toasts,200 g,"$3.19
 ea.",,$1.60 /100g,,,https://product-images.metro.ca/images/hfa/h8d/9518349320222.jpg,https://www.metro.ca/en/online-grocery/search-page-422
MARQUIS DE MÉRICOURT,Canadian Rosé Wine,1 L,"$10.79
 ea.",,$1.08 /100ml,"Regular price
$12.29  ea.","Valid until Feb 7, 2024",https://product-images.metro.ca/images/h9d/ha6/12007216906270.jpg,https://www.metro.ca/en/online-grocery/search-page-422
KEEP CALM,"Canadian Red Wine, & Thrive",750 mL,"$12.29
 ea.",,$1.64 /100ml,,,,https://www.metro.ca/en/online-grocery/search-page-422
GILLETTE,"Regular Shaving Foam, Foamy",311 g,"$4.49
 ea.",,$1.44 /100g,,,,https://www.metro.ca/en/online-grocery/search-page-422
BOLTHOUSE FARMS,Vanilla Chai Tea Flavoured Tea & Soy Beverage,946 mL,"$7.99
 ea.",,$0.84 /100ml,,,https://product-images.metro.ca/images/h73/h79/10822658687006.jpg,https://www.metro.ca/en/online-grocery/search-page-422
LACTANTIA,35% Whipping Cream,237 ml,"$4.49
 ea.",,$1.89 /100ml,,,https://product-images.metro.ca/images/hd0/h5b/11307075108894.jpg,https://www.metro.ca/en/online-grocery/search-page-422
CIMO,Colombian Ground Coffee,250 g,"$4.29
 ea.",,$1.72 /100g,,,https://product-images.metro.ca/images/h6f/h58/9515153817630.jpg,https://www.metro.ca/en/online-grocery/search-page-423
YVES VEGGIE CUISINE,Vegan Pepperoni,120 g,"2 / 
$9.00",,$3.75 /100g,"Regular price
$5.69  ea.","Valid until Jan 17, 2024",https://product-images.metro.ca/images/h6b/hca/11849347596318.jpg,https://www.metro.ca/en/online-grocery/search-page-423
BELLINI,Half & Half Apple Vermouth,1 L,"$15.59
 ea.",,$1.56 /100ml,"Regular price
$16.99  ea.","Valid until Feb 7, 2024",https://product-images.metro.ca/images/hca/h7e/11332988764190.jpg,https://www.metro.ca/en/online-grocery/search-page-423
TETLEY,Decafeinated Earl Grey Tea,24 un,"$3.99
 ea.",,$0.17 /un.,"Regular price
$4.99  ea.","Valid until Feb 7, 2024",https://product-images.metro.ca/images/hc2/h80/8947393789982.jpg,https://www.metro.ca/en/online-grocery/search-page-423
BLUEWATER SEAFOODS,Frozen Breaded Alaska Pollock Fillet Burgers,519 g,"$8.99
 ea.",,$1.73 /100g,"Regular price
$12.99  ea.","Valid until Jan 10, 2024",https://product-images.metro.ca/images/hbd/h25/12048162029598.jpg,https://www.metro.ca/en/online-grocery/search-page-423
HERDEZ,Mild Homemade Style Mexican Salsa,453 g,"$4.99
 ea.",,$1.10 /100g,,,https://product-images.metro.ca/images/h15/h2d/9530104643614.jpg,https://www.metro.ca/en/online-grocery/search-page-423
METROGO!,Cantaloupe Chunks,Large,"$3.99
 ea.",,$0.73 /100g,,,https://product-images.metro.ca/images/h7c/h58/8837303205918.jpg,https://www.metro.ca/en/online-grocery/search-page-423
MRS.CUBBISON'S,Caesar Croûtons Made From Texas Toast Bread,142 g,"$3.49
 ea.",,$2.46 /100g,"Regular price
$3.99  ea.","Valid until Jan 24, 2024",https://product-images.metro.ca/images/h5b/hf9/8846703132702.jpg,https://www.metro.ca/en/online-grocery/search-page-423
CHEF BOYARDEE,Lasagna With Beef In Tomato Sauce,425 g,"$2.79
 ea.",,$0.66 /100g,"Regular price
$3.49  ea.","Valid until Jan 24, 2024",https://product-images.metro.ca/images/hc1/h4a/9760825442334.jpg,https://www.metro.ca/en/online-grocery/search-page-423
CHOCOLATS FAVORIS,S'Mores Flavoured Milk Chocolate Fondue,425 g,"$13.99
 ea.",,$3.29 /100g,,,https://product-images.metro.ca/images/h53/h21/10498114879518.jpg,https://www.metro.ca/en/online-grocery/search-page-423
A&W,Root Beer,2 L,"$3.69
 ea.",,$0.18 /100ml,,,https://product-images.metro.ca/images/hcc/h99/10495657246750.jpg,https://www.metro.ca/en/online-grocery/search-page-423
KRISPY KERNELS,Natural Salted Pistachios,225 g,"$8.49
 ea.",,$3.77 /100g,,,https://product-images.metro.ca/images/h66/h74/11461753733150.jpg,https://www.metro.ca/en/online-grocery/search-page-423
TRUDEAU,Basil Seasoning,115 g,"$5.99
 ea.",,$5.21 /100g,,,https://product-images.metro.ca/images/h88/h71/11461791121438.jpg,https://www.metro.ca/en/online-grocery/search-page-423
BABY GOURMET,Organic Juicy Pear And Garden Greens Flavoured Purée...,128 mL,"$2.79
 ea.",,$2.18 /100ml,,,,https://www.metro.ca/en/online-grocery/search-page-423
NONG SHIM,"Savory Chicken Noodles With Soup Mix, Bowl Noodle Soup",86 g,"$1.99
 ea.",,$2.31 /100g,,,,https://www.metro.ca/en/online-grocery/search-page-423
FRESH GOURMET,Garlic Pepper Crispy Onions,99 g,"$3.99
 ea.",,$4.03 /100g,"Regular price
$4.99  ea.","Valid until Jan 10, 2024",https://product-images.metro.ca/images/h20/he2/11274275455006.jpg,https://www.metro.ca/en/online-grocery/search-page-423
NUPASTA,Organic Pre-Cooked Konjac Angel Hair Pasta,210 g,"$3.49
 ea.",,$1.66 /100g,"Regular price
$4.99  ea.","Valid until Jan 24, 2024",https://product-images.metro.ca/images/hce/h91/12050724782110.jpg,https://www.metro.ca/en/online-grocery/search-page-423
SELECTION,Marshmallows,1 kg,"$7.99
 ea.",,$0.80 /100g,,,https://product-images.metro.ca/images/hcf/hda/9135473164318.jpg,https://www.metro.ca/en/online-grocery/search-page-423
D'AUCY,Prepared Lentils,398 mL,"$3.49
 ea.",,$0.88 /100ml,,,https://product-images.metro.ca/images/hcd/h34/11714269052958.jpg,https://www.metro.ca/en/online-grocery/search-page-423
CRUSH,Orange Flavoured Soft Drink,6x710 mL,"$6.49
 ea.",,$0.15 /100ml,,,https://product-images.metro.ca/images/h7d/hc3/11735031578654.jpg,https://www.metro.ca/en/online-grocery/search-page-423
REDPATH,Special Fine Granulated Sugar,1 kg,"$2.99
 ea.",,$0.30 /100g,"Regular price
$5.29  ea.","Valid until Feb 7, 2024",https://product-images.metro.ca/images/h94/h64/10715266678814.jpg,https://www.metro.ca/en/online-grocery/search-page-423
UNISOYA,Spinach And Jalapeño Tofu,300 g,"$3.99
 ea.",,$1.33 /100g,,,https://product-images.metro.ca/images/h56/hae/10946110455838.jpg,https://www.metro.ca/en/online-grocery/search-page-423
CLUB HOUSE,"Roasted Garlic And Peppers Seasoning, Signature Blends",144 g,"$6.49
 ea.",,$4.51 /100g,,,,https://www.metro.ca/en/online-grocery/search-page-423
OCEANIA,Smoked Salmon Spread,160 g,"$3.99
 ea.",,$2.49 /100g,"Regular price
$4.49  ea.","Valid until Jan 17, 2024",https://product-images.metro.ca/images/h57/h67/8908657262622.jpg,https://www.metro.ca/en/online-grocery/search-page-423
FRISKIES,Chunky Chicken And Turkey Casserole In Gravy Indoor ...,156 g,"$1.49
 ea.",,$0.96 /100g,,,,https://www.metro.ca/en/online-grocery/search-page-423
M'LORD,Grilled Sweet Red Peppers,250 mL,"$4.49
 ea.",,$1.80 /100ml,"Regular price
$5.49  ea.","Valid until Jan 24, 2024",https://product-images.metro.ca/images/hf9/h57/10183953907742.jpg,https://www.metro.ca/en/online-grocery/search-page-423
PATAK'S,Spicy Butter Chicken Cooking Sauce,400 mL,"$6.29
 ea.",,$1.57 /100ml,,,https://product-images.metro.ca/images/h8a/hb1/9973594128414.jpg,https://www.metro.ca/en/online-grocery/search-page-423
CIRIO,Whole Peeled Plum Tomatoes,796 mL,"$4.99
 ea.",,$0.63 /100ml,,,https://product-images.metro.ca/images/hab/he3/9640209907742.jpg,https://www.metro.ca/en/online-grocery/search-page-423
FLATOUT,Rosemary And Olive Oil Artisan Flatbreads,255 g,"$5.19
 ea.",,$2.04 /100g,,,https://product-images.metro.ca/images/h90/h92/11541044559902.jpg,https://www.metro.ca/en/online-grocery/search-page-423
S SENSE,Lemon Herbal Tea Bags,10 un,"$2.29
 ea.",,$0.23 /un.,"Regular price
$2.79  ea.","Valid until Feb 7, 2024",https://product-images.metro.ca/images/hde/h0f/11994731446302.jpg,https://www.metro.ca/en/online-grocery/search-page-423
MAXWELL HOUSE,"Decaf Coffee T Discs, Tassimo",14 un,"$9.49
 ea.",,$0.68 /un.,,,,https://www.metro.ca/en/online-grocery/search-page-424
WHISKAS,"Salmon And Shrimp Flavoured Adult Cat Food, Seafood ...",2 kg,"$10.49
 ea.",,$0.52 /100g,"Regular price
$11.49  ea.","Valid until Jan 24, 2024",,https://www.metro.ca/en/online-grocery/search-page-424
CLIF BAR,White Chocolate And Macadamia Nut Energy Bar,68 g,"$2.19
 ea.",,$3.22 /100g,,,https://product-images.metro.ca/images/h7b/h8f/11540931084318.jpg,https://www.metro.ca/en/online-grocery/search-page-424
CUISICHEF,Whole Wheat Thin Pizza Crusts,4x60 g,"$5.49
 ea.",,$2.29 /100g,"Regular price
$5.99  ea.","Valid until Jan 17, 2024",https://product-images.metro.ca/images/h5a/hbe/10229987246110.jpg,https://www.metro.ca/en/online-grocery/search-page-424
OZERY BAKERY,"Fruit And Grain Breakfast Pitas, Morning Rounds",450 g,"$4.99
 ea.",,$1.11 /100g,"Regular price
$5.79  ea.","Valid until Jan 17, 2024",,https://www.metro.ca/en/online-grocery/search-page-424
SUWONG,Beef And Broccoli Stir-Fry Mix,28 g,"$1.99
 ea.",,$7.11 /100g,"Regular price
$2.39  ea.","Valid until Jan 24, 2024",https://product-images.metro.ca/images/hcd/hc7/9526735831070.jpg,https://www.metro.ca/en/online-grocery/search-page-424
DÉLICES D'AUTREFOIS,Homestyle Lasagna Sauce,700 mL,"$7.79
 ea.",,$1.11 /100ml,,,https://product-images.metro.ca/images/he0/h81/9668815192094.jpg,https://www.metro.ca/en/online-grocery/search-page-424
ALWAYS,Unscented Overnight Pads With Wings Extra Heavy Flow...,20 un,"$10.49
 ea.",,$0.52 /un.,,,,https://www.metro.ca/en/online-grocery/search-page-424
FRISKIES,"Dry Cat Food, Surfin' & Turfin'",1.43 kg,"$7.79
 ea.",,$0.52 /100g,,,,https://www.metro.ca/en/online-grocery/search-page-424
FRENCH'S,Sweet Onion Prepared Mustard,325 mL,"$3.49
 ea.",,$1.07 /100ml,,,https://product-images.metro.ca/images/hb5/hbd/10443217436702.jpg,https://www.metro.ca/en/online-grocery/search-page-424
HUNT'S,No Salt Added Tomato Sauce,910 mL,"$4.49
 ea.",,$0.49 /100ml,,,https://product-images.metro.ca/images/hb6/h82/9518951596062.jpg,https://www.metro.ca/en/online-grocery/search-page-424
FEBREZE,"Gain® Original Scented Aerosol Air Freshener, Air",250 g,"$4.99
 ea.",,$2.00 /100g,,,,https://www.metro.ca/en/online-grocery/search-page-424
DAINTY,"Long Grain Rice, Royal",900 g,"$4.99
 ea.",,$0.55 /100g,"Regular price
$5.49  ea.","Valid until Jan 24, 2024",,https://www.metro.ca/en/online-grocery/search-page-424
MELITTA,Natural Brown N°2 Cone Coffee Filters,40 un,"$3.29
 ea.",,$0.08 /un.,"Regular price
$3.79  ea.","Valid until Feb 7, 2024",https://product-images.metro.ca/images/h9c/h16/9514941448222.jpg,https://www.metro.ca/en/online-grocery/search-page-424
YVES VEGGIE CUISINE,Frozen Kale & Quinoa Bites,235 g,"$6.99
 ea.",,$2.97 /100g,,,https://product-images.metro.ca/images/hbf/h6c/9521800183838.jpg,https://www.metro.ca/en/online-grocery/search-page-424
CAT CHOW,"Dry Cat Food, Complete",2 kg,"$11.99
 ea.",,$0.60 /100g,,,,https://www.metro.ca/en/online-grocery/search-page-424
AKI SUSHI,Pickled Ginger,430 g,"$6.99
 ea.",,$1.63 /100g,,,https://product-images.metro.ca/images/h95/h71/9438018175006.jpg,https://www.metro.ca/en/online-grocery/search-page-424
PACIFIC,Organic Roasted Red Pepper & Tomato Soup,1 L,"$7.99
 ea.",,$0.80 /100ml,"Regular price
$8.99  ea.","Valid until Jan 24, 2024",https://product-images.metro.ca/images/hec/h05/9515224006686.jpg,https://www.metro.ca/en/online-grocery/search-page-424
TIDE,"Spring Meadow Laundry Detergent Pacs, Pods",42 loads,"$14.99
 ea.",,$0.36 /load,"Regular price
$16.29  ea.","Valid until Feb 7, 2024",,https://www.metro.ca/en/online-grocery/search-page-424
ENSURE,"Vanilla Flavoured Meal Replacement, High Protein",6x235 ml,"$16.99
 ea.",,$1.20 /100ml,,,,https://www.metro.ca/en/online-grocery/search-page-424
NATUR-A,Chocolate Fortified Almond Beverage,946 mL,"$3.49
 ea.",,$0.37 /100ml,,,https://product-images.metro.ca/images/hbe/hca/11627066228766.jpg,https://www.metro.ca/en/online-grocery/search-page-424
FLAGRANTS DESIRS,Caramel & Sea Salt Flavoured Dark Chocolate 72% Cocoa,100 g,"$4.49
 ea.",,$4.49 /100g,,,https://product-images.metro.ca/images/h4b/hee/10053717262366.jpg,https://www.metro.ca/en/online-grocery/search-page-424
QUAKER,Low Fat Carrot Muffin Mix,900 g,"$4.49
 ea.",,$0.50 /100g,"Regular price
$5.99  ea.","Valid until Jan 10, 2024",https://product-images.metro.ca/images/hbc/h1b/12279411114014.jpg,https://www.metro.ca/en/online-grocery/search-page-424
DOUBLE VIE,Canadian White Wine,1 L,"$13.79
 ea.",,$1.38 /100ml,,,https://product-images.metro.ca/images/h28/h21/10535700758558.jpg,https://www.metro.ca/en/online-grocery/search-page-424
DIVINA KRUNCH,Triple Chocolate Granola Cereals,400 g,"$7.49
 ea.",,$1.87 /100g,,,https://product-images.metro.ca/images/h35/h6c/11816907767838.jpg,https://www.metro.ca/en/online-grocery/search-page-424
CEDAR,Pitted Dates,454 g,"$3.99
 ea.",,$0.88 /100g,,,https://product-images.metro.ca/images/h24/h06/8831781634078.jpg,https://www.metro.ca/en/online-grocery/search-page-424
CRUNCHMASTER,Original Multi-Seed Crackers,128 g,"$5.49
 ea.",,$4.29 /100g,"Regular price
$6.99  ea.","Valid until Jan 24, 2024",https://product-images.metro.ca/images/h59/hae/11559759544350.jpg,https://www.metro.ca/en/online-grocery/search-page-424
PLANTERS,Raw Almonds,200 g,"$4.99
 ea.",,$2.50 /100g,"Regular price
$5.99  ea.","Valid until Jan 24, 2024",https://product-images.metro.ca/images/hc4/h89/8961336016926.jpg,https://www.metro.ca/en/online-grocery/search-page-424
SELECTION,Coleslaw Dressing,475 mL,"$2.99
 ea.",,$0.63 /100ml,"Regular price
$3.69  ea.","Valid until Jan 24, 2024",https://product-images.metro.ca/images/h23/hc3/9693829005342.jpg,https://www.metro.ca/en/online-grocery/search-page-424
AROMA MI AMORE,Canadian Red Wine,1 L,"$12.99
 ea.",,$1.30 /100ml,"Regular price
$14.49  ea.","Valid until Feb 7, 2024",https://product-images.metro.ca/images/h4a/h63/10535700955166.jpg,https://www.metro.ca/en/online-grocery/search-page-424
CEDAR,Quinoa Seeds,907 g,"$8.49
 ea.",,$0.94 /100g,,,https://product-images.metro.ca/images/he8/h2a/8856114888734.jpg,https://www.metro.ca/en/online-grocery/search-page-425
LE MIEL D'ÉMILIE,Liquid Golden Honey,375 g,"$7.49
 ea.",,$2.00 /100g,,,https://product-images.metro.ca/images/h20/ha9/10309187043358.jpg,https://www.metro.ca/en/online-grocery/search-page-425
SKITTLES,Original Fruit Flavoured Candy Mega Pack,320 g,"$6.79
 ea.",,$2.12 /100g,,,https://product-images.metro.ca/images/h9f/h20/11449499680798.jpg,https://www.metro.ca/en/online-grocery/search-page-425
,Baby Arugula,113 g,"$5.99
 ea.",,$5.30 /100g,,,https://product-images.metro.ca/images/h85/h71/8893495345182.jpg,https://www.metro.ca/en/online-grocery/search-page-425
OLIVIERI,Linguine,300 g,"$5.99
 ea.",,$2.00 /100g,,,https://product-images.metro.ca/images/h2b/hbb/10727356891166.jpg,https://www.metro.ca/en/online-grocery/search-page-425
HIGH LINER,Frozen Lime And Chilli Lightly Breaded Tilapia Fille...,540 g,"$18.99
 ea.",,$3.52 /100g,,,,https://www.metro.ca/en/online-grocery/search-page-425
IRRESISTIBLES,Roasted Whole Cashew Nuts,300 g,"$12.99
 ea.",,$4.33 /100g,,,https://product-images.metro.ca/images/h1d/h0b/9064779415582.jpg,https://www.metro.ca/en/online-grocery/search-page-425
ARLA,"Feta Cheese In Oil With Herbs And Spices, Apetina",265 g,"$9.79
 ea.",,$3.69 /100g,,,,https://www.metro.ca/en/online-grocery/search-page-425
MEOW MIX,Hairball Control Dry Cat Food,1.6 kg,"$8.99
 ea.",,$0.56 /100g,"Regular price
$10.29  ea.","Valid until Jan 24, 2024",https://product-images.metro.ca/images/h3c/h0e/8999034224670.jpg,https://www.metro.ca/en/online-grocery/search-page-425
SARDO,"Almond Stuffed Olives, Deli Market",500 mL,"$10.49
 ea.",,$2.10 /100ml,,,,https://www.metro.ca/en/online-grocery/search-page-425
CIRIO,Diced Tomatoes,400 g,"$3.29
 ea.",,$0.82 /100g,,,https://product-images.metro.ca/images/h33/ha3/9508327194654.jpg,https://www.metro.ca/en/online-grocery/search-page-425
PLANTERS,Craft Bar Mix,550 g,"$5.49
 ea.",,$1.00 /100g,"Regular price
$6.49  ea.","Valid until Jan 24, 2024",https://product-images.metro.ca/images/h31/hd2/11493024727070.jpg,https://www.metro.ca/en/online-grocery/search-page-425
PILAROS,Green Olives Stuffed With Garlic,1 L,"$10.49
 ea.",,$1.05 /100ml,"Regular price
$11.99  ea.","Valid until Jan 24, 2024",https://product-images.metro.ca/images/h14/hc0/11665366646814.jpg,https://www.metro.ca/en/online-grocery/search-page-425
DR. OETKER,"Light Lemon Pie Filling And Dessert Mix, Shirriff",106 g,"$2.49
 ea.",,$2.35 /100g,,,,https://www.metro.ca/en/online-grocery/search-page-425
ENSURE,"Chocolate Flavoured Meal Replacement, High Protein",6x235 ml,"$16.99
 ea.",,$1.20 /100ml,,,,https://www.metro.ca/en/online-grocery/search-page-425
QUAKER,Oat Bran Hot Cereal,625 g,"$4.49
 ea.",,$0.72 /100g,,,https://product-images.metro.ca/images/h35/h51/12279407083550.jpg,https://www.metro.ca/en/online-grocery/search-page-425
MARS,"Chocolate Bars, Twix",4x50 g,"$6.29
 ea.",,$3.15 /100g,,,,https://www.metro.ca/en/online-grocery/search-page-425
SUN-MAID,Vanilla Yogurt Raisins Mini Packs,10x14 g,"$4.79
 ea.",,$3.42 /100g,,,https://product-images.metro.ca/images/h8e/h50/11627075469342.jpg,https://www.metro.ca/en/online-grocery/search-page-425
KÜHNE,"Whole Pickled Red Baby Beets, Gourmet Selection",500 mL,"$5.49
 ea.",,$1.10 /100ml,"Regular price
$6.79  ea.","Valid until Jan 24, 2024",,https://www.metro.ca/en/online-grocery/search-page-425
SPITZ,Seasoned Sunflower Seeds,210 g,"$2.99
 ea.",,$1.42 /100g,,,https://product-images.metro.ca/images/h46/h80/11386189512734.jpg,https://www.metro.ca/en/online-grocery/search-page-425
WAFU,Light Original Gluten Free Sesame Japanese Dressing,290 mL,"$6.49
 ea.",,$2.24 /100ml,"Regular price
$6.99  ea.","Valid until Jan 17, 2024",https://product-images.metro.ca/images/h4b/hfd/9533017456670.jpg,https://www.metro.ca/en/online-grocery/search-page-425
LES ALIMENTS MER ET MONDE,Fully Cooked Mild Italian Sausages,300 g,"$7.99
 ea.",,$2.66 /100g,,,https://product-images.metro.ca/images/ha4/h86/8820006027294.jpg,https://www.metro.ca/en/online-grocery/search-page-425
METROGO!,Fish Salad Quartet,,"$7.49
 avg. ea.",(400 g avg.),$18.72 /kg$8.49 /lb.,,,https://product-images.metro.ca/images/hef/h54/11931019640862.jpg,https://www.metro.ca/en/online-grocery/search-page-425
NATURE'S PATH,Multigrain Oatbran Cereal,907 g,"$11.99
 ea.",,$1.32 /100g,,,https://product-images.metro.ca/images/h52/h52/11816852258846.jpg,https://www.metro.ca/en/online-grocery/search-page-425
SELECTION,Strawberry & Blackberry Jam,500 mL,"$3.99
 ea.",,$0.80 /100ml,"Regular price
$4.79  ea.","Valid until Feb 7, 2024",https://product-images.metro.ca/images/h9d/hd5/9519142535198.jpg,https://www.metro.ca/en/online-grocery/search-page-425
CANADA DRY,Ginger Ale,1 L,"$2.29
 ea.",,$0.23 /100ml,,,https://product-images.metro.ca/images/hde/h15/11349037219870.jpg,https://www.metro.ca/en/online-grocery/search-page-425
RITTER SPORT,Alpine Milk Chocolate,100 g,"$3.49
 ea.",,$3.49 /100g,"Regular price
$4.49  ea.","Valid until Jan 24, 2024",https://product-images.metro.ca/images/hf1/h40/11860649672734.jpg,https://www.metro.ca/en/online-grocery/search-page-425
CAPRINA,Fresh Goat'S Milk Original Formula Soap Bars,3x90 g,"$6.49
 ea.",,$2.40 /100g,,,https://product-images.metro.ca/images/h5e/h38/9532679290910.jpg,https://www.metro.ca/en/online-grocery/search-page-425
CHAVROUX,Goat'S Cheese,150 g,"$8.00
 ea.",,$5.33 /100g,,,https://product-images.metro.ca/images/hf9/ha9/9719495917598.jpg,https://www.metro.ca/en/online-grocery/search-page-425
OLD EL PASO,Mexican Rice,215 g,"$3.49
 ea.",,$1.62 /100g,"Regular price
$4.29  ea.","Valid until Jan 24, 2024",https://product-images.metro.ca/images/h79/ha3/12354355363870.jpg,https://www.metro.ca/en/online-grocery/search-page-425
CIMO,House Blend Ground Coffee,250 g,"$4.29
 ea.",,$1.72 /100g,,,https://product-images.metro.ca/images/h63/hf8/9514974773278.jpg,https://www.metro.ca/en/online-grocery/search-page-426
BEGGIN',"Bacon Flavoured Dog Treats, Strips",170 g,"$4.49
 ea.",,$2.64 /100g,,,,https://www.metro.ca/en/online-grocery/search-page-426
SUWONG,Fried Rice Seasoning,25 g,"$2.39
 ea.",,$9.56 /100g,,,https://product-images.metro.ca/images/ha1/h93/9554260983838.jpg,https://www.metro.ca/en/online-grocery/search-page-426
,Frozen Deluxe Seafood Shell,275 g,"$9.00
 ea.",,$3.27 /100g,"Regular price
$10.00  ea.","Valid until Jan 17, 2024",https://product-images.metro.ca/images/hd0/hde/10547119128606.jpg,https://www.metro.ca/en/online-grocery/search-page-426
NESTEA,Lemon Flavoured Iced Tea,500 mL,"$2.99
 ea.",,$0.60 /100ml,,,https://product-images.metro.ca/images/h45/hfa/10495712526366.jpg,https://www.metro.ca/en/online-grocery/search-page-426
CAPRINA,Fresh Goat'S Milk Soap Bar Original Formula,141 g,"$2.99
 ea.",,$2.12 /100g,,,https://product-images.metro.ca/images/h93/hf2/9532701573150.jpg,https://www.metro.ca/en/online-grocery/search-page-426
,Red Pearl Onions,175 g,"2 / 
$5.00",,$1.43 /100g,"Regular price
$3.49  ea.","Valid until Jan 17, 2024",https://product-images.metro.ca/images/h6a/hb5/11511567482910.jpg,https://www.metro.ca/en/online-grocery/search-page-426
ANNIE'S,Cheddar Bunnies™ Baked Snack Crackers,213 g,"$4.99
 ea.",,$2.34 /100g,,,https://product-images.metro.ca/images/h31/h7e/11693716832286.jpg,https://www.metro.ca/en/online-grocery/search-page-426
PLANTERS,"Unsalted Peanuts, Cocktail",300 g,"$3.49
 ea.",,$1.16 /100g,,,,https://www.metro.ca/en/online-grocery/search-page-426
IRRESISTIBLES,Bedtime Herbal Tea Bags,20 un,"$2.99
 ea.",,$0.15 /un.,"Regular price
$3.79  ea.","Valid until Jan 10, 2024",https://product-images.metro.ca/images/hfd/hfc/9041242456094.jpg,https://www.metro.ca/en/online-grocery/search-page-426
DIET COKE,Soft Drink,500 mL,"$2.99
 ea.",,$0.60 /100ml,,,https://product-images.metro.ca/images/h1e/hd6/10495626182686.jpg,https://www.metro.ca/en/online-grocery/search-page-426
MILK 2 GO,"Vanilla Flavoured Protein Milkshake, Sport",325 mL,"$2.49
 ea.",,$0.77 /100ml,,,,https://www.metro.ca/en/online-grocery/search-page-426
OCEAN SPRAY,Cranberry & Concord Grape Juice,1.77 L,"$6.29
 ea.",,$0.36 /100ml,,,https://product-images.metro.ca/images/hf3/h6f/10794072703006.jpg,https://www.metro.ca/en/online-grocery/search-page-426
BETTY CROCKER,"Milk Chocolate Flavoured Frosting, Whipped",340 g,"$2.00
 ea.",,$0.59 /100g,"Regular price
$2.99  ea.","Valid until Feb 7, 2024",,https://www.metro.ca/en/online-grocery/search-page-426
KICKING HORSE,Organic Grizzly Claw Ground Coffee,284 g,"$13.99
 ea.",,$4.93 /100g,,,https://product-images.metro.ca/images/h51/hf4/11665378017310.jpg,https://www.metro.ca/en/online-grocery/search-page-426
JAMIESON,"Vitamin D3, 1,000 UI",180 un,"$11.99
 ea.",,$0.07 /un.,,,,https://www.metro.ca/en/online-grocery/search-page-426
FIVE ALIVE,Berry Citrus Beverage,8x200 mL,"$4.79
 ea.",,$0.30 /100ml,,,https://product-images.metro.ca/images/hfe/h60/10495758860318.jpg,https://www.metro.ca/en/online-grocery/search-page-426
COOK'S COTTONS,Reusable Cheese Cloth For Cleaning & Cooking,1 un,"$3.29
 ea.",,$3.29 /un.,,,https://product-images.metro.ca/images/he5/h40/8871587250206.jpg,https://www.metro.ca/en/online-grocery/search-page-426
IRRESISTIBLES,Multigrain Melba Toasts,200 g,"$3.19
 ea.",,$1.60 /100g,,,https://product-images.metro.ca/images/hef/h5f/9518415511582.jpg,https://www.metro.ca/en/online-grocery/search-page-426
SELECTION,Frozen Whole Kernel Corn,2 kg,"$6.49
 ea.",,$0.32 /100g,,,https://product-images.metro.ca/images/h86/h12/9906514329630.jpg,https://www.metro.ca/en/online-grocery/search-page-426
BUTTERBALL,Whole Turkey,5-7 kg,"$52.80
 avg. ea.","(6,000 g avg.)",$8.80 /kg$3.99 /lb.,"Regular price
$9.90  avg. kg","Valid until Jan 17, 2024",https://product-images.metro.ca/images/h85/h4a/9179783987230.jpg,https://www.metro.ca/en/online-grocery/search-page-426
IRRESISTIBLES,"Reduced Salt Button Mushroom, Life Smart",284 mL,"$2.29
 ea.",,$0.81 /100ml,,,,https://www.metro.ca/en/online-grocery/search-page-426
IAMS,Healthy Adult™ Chicken Recipe Pâté Cat Food,2x37.5 g,"$1.99
 ea.",,$2.65 /100g,,,https://product-images.metro.ca/images/h06/h10/9927721222174.jpg,https://www.metro.ca/en/online-grocery/search-page-426
BAG TO EARTH,Small Food Waste Bags,10 un,"$6.49
 ea.",,$0.65 /un.,,,https://product-images.metro.ca/images/h0d/h81/9532732276766.jpg,https://www.metro.ca/en/online-grocery/search-page-426
GLAD,Fresh Clean Scented Small White Garbage Bags,24 un,"$4.79
 ea.",,$0.20 /un.,,,https://product-images.metro.ca/images/h98/h98/10020513742878.jpg,https://www.metro.ca/en/online-grocery/search-page-426
FLATOUT,Flatbread Sea Salt And Crushed Black Pepper Flavoure...,"5 breads, 285 g","$5.19
 ea.",,$1.82 /100g,,,,https://www.metro.ca/en/online-grocery/search-page-426
SELECTION,Baby Dill Pickles With Garlic,1 L,"$3.79
 ea.",,$0.38 /100ml,"Regular price
$4.29  ea.","Valid until Jan 24, 2024",https://product-images.metro.ca/images/h87/he3/8822804283422.jpg,https://www.metro.ca/en/online-grocery/search-page-426
AGROPUR SIGNATURE,"Cheddar Cheese Aged 5 Years, Grand Cheddar",200 g,"$10.49
 ea.",,$5.25 /100g,"Regular price
$10.99  ea.","Valid until Jan 17, 2024",,https://www.metro.ca/en/online-grocery/search-page-426
GOGO SQUEEZ,Apple And Blueberry Sauce Pouches,4x90 g,"$4.99
 ea.",,$1.39 /100g,,,https://product-images.metro.ca/images/hd4/hcd/10845185048606.jpg,https://www.metro.ca/en/online-grocery/search-page-426
SELECTION,Rich Dark Roast Ground Coffee,925 g,"$9.99
 ea.",,$1.08 /100g,,,https://product-images.metro.ca/images/h38/h8b/11257130614814.jpg,https://www.metro.ca/en/online-grocery/search-page-426
GENERAL MILLS,"Graham Cracker Flavoured Cereal, Golden Grahams",331 g,"2 / 
$8.00",,or $5.99 ea. $1.21 /100g,,"Valid until Feb 7, 2024",,https://www.metro.ca/en/online-grocery/search-page-427
SELECTION,Dehydrated Minced Onion,105 g,"$2.49
 ea.",,$2.37 /100g,,,https://product-images.metro.ca/images/h9c/h57/9020175220766.jpg,https://www.metro.ca/en/online-grocery/search-page-427
,Boneless Tenderloin End Pork Roast,,"$7.27
 avg. ea.",(550 g avg.),$13.21 /kg$5.99 /lb.,,,https://product-images.metro.ca/images/hd2/hc5/8886512255006.jpg,https://www.metro.ca/en/online-grocery/search-page-427
OXICLEAN,Versatile Stain Remover Powder For Household & Laundry,64 loads-1.36 kg,"$10.99
 ea.",,$0.81 /100g,"Regular price
$14.49  ea.","Valid until Feb 7, 2024",https://product-images.metro.ca/images/h1e/he3/11292714074142.jpg,https://www.metro.ca/en/online-grocery/search-page-427
IAMS,"Chicken Flavoured Dry Cat Food, Proactive Health",1.59 kg,"$15.49
 ea.",,$0.97 /100g,"Regular price
$17.99  ea.","Valid until Jan 10, 2024",,https://www.metro.ca/en/online-grocery/search-page-427
LIPTON,Yellow Label® Tea,100 un,"$9.49
 ea.",,$0.09 /un.,,,https://product-images.metro.ca/images/hda/h90/11461819334686.jpg,https://www.metro.ca/en/online-grocery/search-page-427
AMY'S,Macaroni & Cheddar Cheese,255 g,"$5.49
 ea.",,$2.15 /100g,,,https://product-images.metro.ca/images/hfb/h08/11243904335902.jpg,https://www.metro.ca/en/online-grocery/search-page-427
SPRITE ZERO,Zero Calorie Soft Drink,2 L,"$3.69
 ea.",,$0.18 /100ml,,,https://product-images.metro.ca/images/ha0/h6f/11492940677150.jpg,https://www.metro.ca/en/online-grocery/search-page-427
LÄRABAR,Gluten Free Cashew Fruit And Nut Energy Bar,48 g,"$1.99
 ea.",,$4.15 /100g,"Regular price
$2.19  ea.","Valid until Feb 7, 2024",https://product-images.metro.ca/images/hfd/he1/11386211565598.jpg,https://www.metro.ca/en/online-grocery/search-page-427
DOVE,"Fresh Body Wash, Men+Care",400 mL,"$6.49
 ea.",,$1.62 /100ml,,,,https://www.metro.ca/en/online-grocery/search-page-427
ENERGIZER,"9V Alkaline Battery, Max",1 un,"$7.79
 ea.",,$7.79 /un.,,,,https://www.metro.ca/en/online-grocery/search-page-427
IRRESISTIBLES,Frozen Midnight Madness Cake,4 in - 300 g,"$12.49
 ea.",,$4.16 /100g,,"Valid until Jan 17, 2024",https://product-images.metro.ca/images/h6d/h1b/8860734160926.jpg,https://www.metro.ca/en/online-grocery/search-page-427
PLAISIRS GASTRONOMIQUES,Carrots And Celeriac Salad,300 g,"$6.99
 ea.",,$2.33 /100g,,,https://product-images.metro.ca/images/h36/hc0/9530471677982.jpg,https://www.metro.ca/en/online-grocery/search-page-427
SPONGE TOWELS,Choose-A-Size® 2-Ply Paper Towels,6 un,"$11.49
 ea.",,$1.92 /un.,,,https://product-images.metro.ca/images/hb1/h52/10393734873118.jpg,https://www.metro.ca/en/online-grocery/search-page-427
CAT CHOW,"Chicken Adult Dry Indoor Cat Food, Indoor",1.6 kg,"$11.99
 ea.",,$0.75 /100g,,,,https://www.metro.ca/en/online-grocery/search-page-427
,Small Washed Russet Potatoes,3 lb,"$2.99
 ea.",,$0.22 /100g,,,https://product-images.metro.ca/images/ha1/h84/11511583440926.jpg,https://www.metro.ca/en/online-grocery/search-page-427
NATUR-A,Chocolate Almond Beverage,3x200 mL,"$3.29
 ea.",,$0.55 /100ml,"Regular price
$4.19  ea.","Valid until Feb 7, 2024",https://product-images.metro.ca/images/h6a/hd4/10433081245726.jpg,https://www.metro.ca/en/online-grocery/search-page-427
IVORY,Aloe Scented Soap Bars,10x90 g,"$8.49
 ea.",,$0.94 /100g,,,https://product-images.metro.ca/images/h02/h95/11574051569694.jpg,https://www.metro.ca/en/online-grocery/search-page-427
MELITTA,N°4 Cone Coffee Filters,40 un,"$3.29
 ea.",,$0.08 /un.,"Regular price
$3.69  ea.","Valid until Feb 7, 2024",https://product-images.metro.ca/images/h45/hbc/8848246505502.jpg,https://www.metro.ca/en/online-grocery/search-page-427
MARKETERRE,Fully Cooked Wild Game Sausages,500 g,"$13.99
 ea.",,$2.80 /100g,,,https://product-images.metro.ca/images/h1c/h9d/8819959365662.jpg,https://www.metro.ca/en/online-grocery/search-page-427
WINDSOR SALT,"Iodized Salt And Black Pepper, Club House",155 g,"$4.99
 ea.",,$3.22 /100g,,,,https://www.metro.ca/en/online-grocery/search-page-427
SELECTION,Maple And Brown Sugar Instant Oatmeal,10x43 g,"$2.99
 ea.",,$0.70 /100g,"Regular price
$4.49  ea.","Valid until Feb 7, 2024",https://product-images.metro.ca/images/hcf/h9c/8935005126686.jpg,https://www.metro.ca/en/online-grocery/search-page-427
BÉGHIN SAY,"Golden Cane Powder Sugar, Blonvilliers",1 kg,"$8.79
 ea.",,$0.88 /100g,,,,https://www.metro.ca/en/online-grocery/search-page-427
PASTENE,San Marzano Italian Tomato With Basil Leaf,796 mL,"$7.29
 ea.",,$0.92 /100ml,,,https://product-images.metro.ca/images/h37/ha5/11161696665630.jpg,https://www.metro.ca/en/online-grocery/search-page-427
PEPSI,"Zero Calorie Soft Drink, Max",591 mL,"2 / 
$5.00",,$0.42 /100ml,"Regular price
$2.99  ea.","Valid until Jan 24, 2024",,https://www.metro.ca/en/online-grocery/search-page-427
,Organic Local McIntosh Apples,2 lb,"$4.99
 ea.",,$0.55 /100g,,,https://product-images.metro.ca/images/h24/h46/9094000050206.jpg,https://www.metro.ca/en/online-grocery/search-page-427
AGGA COFFEE,Intenso Nespresso® Coffee Pods,10 un,"$6.99
 ea.",,$0.70 /un.,,,https://product-images.metro.ca/images/h89/h2a/12050654527518.jpg,https://www.metro.ca/en/online-grocery/search-page-427
DEL MONTE,Fruit Cocktail In Fruit Juice,398 mL,"$3.49
 ea.",,$0.88 /100ml,,,https://product-images.metro.ca/images/hd1/h69/10309918097438.jpg,https://www.metro.ca/en/online-grocery/search-page-427
FREDDO,Milk Chocolate Chips,800 g,"$11.99
 ea.",,$1.50 /100g,,,https://product-images.metro.ca/images/h48/h14/9527133831198.jpg,https://www.metro.ca/en/online-grocery/search-page-427
GRISSOL,No Salt Melba Toast,400 g,"$5.29
 ea.",,$1.32 /100g,"Regular price
$6.49  ea.","Valid until Jan 24, 2024",https://product-images.metro.ca/images/h11/h8e/9702947094558.jpg,https://www.metro.ca/en/online-grocery/search-page-427
NATURE'S PATH,Organic Multigrain Flakes Cereal,750 g,"$11.99
 ea.",,$1.60 /100g,,,https://product-images.metro.ca/images/hc3/hc6/12122144702494.jpg,https://www.metro.ca/en/online-grocery/search-page-428
SELECTION,Tomato And Onion Flavoured Flaked Light Tuna,85 g,"$1.39
 ea.",,$1.64 /100g,"Regular price
$1.99  ea.","Valid until Jan 24, 2024",https://product-images.metro.ca/images/h50/hd6/9519503114270.jpg,https://www.metro.ca/en/online-grocery/search-page-428
METROGO!,Fresh Fruits With Chocolate Fondue,600 g,"$7.99
 ea.",,$1.33 /100g,,,https://product-images.metro.ca/images/h88/h22/8837017206814.jpg,https://www.metro.ca/en/online-grocery/search-page-428
VAN HOUTTE,"French Roast Ground Coffee, Classic Collection",908 g,"$23.99
 ea.",,$2.64 /100g,,,,https://www.metro.ca/en/online-grocery/search-page-428
SPITZ,Smoky BBQ Flavoured Sunflower Seeds,210 g,"$2.99
 ea.",,$1.42 /100g,,,https://product-images.metro.ca/images/h98/h2e/11386187874334.jpg,https://www.metro.ca/en/online-grocery/search-page-428
CEDAR,Black Turtle Beans,907 g,"$4.99
 ea.",,$0.55 /100g,,,https://product-images.metro.ca/images/hc0/h46/11590637453342.jpg,https://www.metro.ca/en/online-grocery/search-page-428
NOTRE VIN MAISON,Canadian White Wine,1 L,"$12.99
 ea.",,$1.30 /100ml,,,https://product-images.metro.ca/images/hc0/h1c/10529512783902.jpg,https://www.metro.ca/en/online-grocery/search-page-428
SCHWEPPES,Ginger Ale,2 L,"2 / 
$6.00",,$0.15 /100ml,"Regular price
$3.49  ea.","Valid until Jan 24, 2024",https://product-images.metro.ca/images/h2f/hc7/9836175425566.jpg,https://www.metro.ca/en/online-grocery/search-page-428
FLATOUT,"Flatbread Pepper Hummus Flavoured, ProteinUP Carb Down",5x285 g,"$5.19
 ea.",,$1.82 /100g,,,,https://www.metro.ca/en/online-grocery/search-page-428
ROMA,Natural Hot Merguez Lamb Sausages,300 g,"$7.99
 ea.",,$2.66 /100g,,,https://product-images.metro.ca/images/h0e/h40/11432763621406.jpg,https://www.metro.ca/en/online-grocery/search-page-428
MINUTE MAID,Mixed Berry Juice,8x200 mL,"$4.79
 ea.",,$0.30 /100ml,,,https://product-images.metro.ca/images/hec/h89/10495759253534.jpg,https://www.metro.ca/en/online-grocery/search-page-428
STARBUCKS,Breakfast Blend Coffee Beans,340 g,"$13.29
 ea.",,$3.91 /100g,,,https://product-images.metro.ca/images/h27/h79/10882818113566.jpg,https://www.metro.ca/en/online-grocery/search-page-428
COOL WAY,Chocolate Flavoured Chocolat Chip Ice Cream,500 mL,"$5.99
 ea.",,$1.20 /100ml,"Regular price
$6.49  ea.","Valid until Feb 14, 2024",https://product-images.metro.ca/images/hc0/heb/11642951139358.jpg,https://www.metro.ca/en/online-grocery/search-page-428
,Fresh Canadian Atlantic Whole Salmon Fillet,,"$50.13
 avg. ea.","(1,300 g avg.)",$38.56 /kg$17.49 /lb.,,,https://product-images.metro.ca/images/h87/h47/11481659473950.jpg,https://www.metro.ca/en/online-grocery/search-page-428
SELECTION,French Dressing,475 mL,"$2.99
 ea.",,$0.63 /100ml,"Regular price
$3.69  ea.","Valid until Jan 24, 2024",https://product-images.metro.ca/images/hc5/hb2/11521123483678.jpg,https://www.metro.ca/en/online-grocery/search-page-428
CLUB HOUSE,Italian Dressing And Dip Mix,42 g,"3 / 
$4.00",,$3.17 /100g,"Regular price
$1.69  ea.","Valid until Jan 24, 2024",https://product-images.metro.ca/images/h74/h2f/9870680358942.jpg,https://www.metro.ca/en/online-grocery/search-page-428
KONTOS,Pizza Parlor Crust,397 g,"$5.29
 ea.",,$1.33 /100g,"Regular price
$5.79  ea.","Valid until Jan 17, 2024",https://product-images.metro.ca/images/h99/h9a/9760843923486.jpg,https://www.metro.ca/en/online-grocery/search-page-428
DUBRETON,Organic Sliced White Cooked Ham,150 g,"$9.49
 ea.",,$6.33 /100g,,,https://product-images.metro.ca/images/haa/h5b/9533599973406.jpg,https://www.metro.ca/en/online-grocery/search-page-428
SUWONG,Spare Ribs Sauce Mix,142 g,"$2.99
 ea.",,$2.11 /100g,"Regular price
$3.19  ea.","Valid until Jan 24, 2024",https://product-images.metro.ca/images/h49/hdc/9526741008414.jpg,https://www.metro.ca/en/online-grocery/search-page-428
IRRESISTIBLES,Slivered Almonds,150 g,"$5.99
 ea.",,$3.99 /100g,"Regular price
$6.99  ea.","Valid until Jan 10, 2024",https://product-images.metro.ca/images/h2c/he7/9051583512606.jpg,https://www.metro.ca/en/online-grocery/search-page-428
LÄRABAR,Apple Fruit And Nut Energy Bar,45 g,"$1.99
 ea.",,$4.42 /100g,"Regular price
$2.19  ea.","Valid until Feb 7, 2024",https://product-images.metro.ca/images/h8b/h10/11386208223262.jpg,https://www.metro.ca/en/online-grocery/search-page-428
DR PEPPER,Soft Drink,12x355 mL,"$6.98
 ea.",,$0.16 /100ml,"Regular price
$7.99  ea.","Valid until Jan 10, 2024",https://product-images.metro.ca/images/hcc/hbc/11994720534558.jpg,https://www.metro.ca/en/online-grocery/search-page-428
IVORY,"Aloe Scented Body Wash, Clean",621 mL,"$5.49
 ea.",,$0.88 /100ml,,,,https://www.metro.ca/en/online-grocery/search-page-428
CLASSICO,Organic Marinara Pasta Sauce,650 mL,"$5.79
 ea.",,$0.89 /100ml,,,https://product-images.metro.ca/images/h73/h84/9987086516254.jpg,https://www.metro.ca/en/online-grocery/search-page-428
IVORY,"Original Scented Body Wash, Clean",621 mL,"$5.49
 ea.",,$0.88 /100ml,,,,https://www.metro.ca/en/online-grocery/search-page-428
METROGO!,Chicken Caesar Salad,Medium,"$7.99
 ea.",,$2.66 /100g,,,https://product-images.metro.ca/images/h82/hdc/8837141397534.jpg,https://www.metro.ca/en/online-grocery/search-page-428
WINDSOR SALT,Coarse Sea Salt,500 g,"$2.99
 ea.",,$0.60 /100g,"Regular price
$3.79  ea.","Valid until Feb 7, 2024",https://product-images.metro.ca/images/h27/h9d/11754123722782.jpg,https://www.metro.ca/en/online-grocery/search-page-428
AIR WICK,Lavender And Chamomile Scented Oil Refills,2x20 ml,"$11.49
 ea.",,$28.73 /100ml,"Regular price
$12.99  ea.","Valid until Feb 7, 2024",https://product-images.metro.ca/images/hcc/h62/11614435999774.jpg,https://www.metro.ca/en/online-grocery/search-page-428
KRISPY KERNELS,"Mixed Nuts, Almond, Cashew & Pistachio",225 g,"$7.49
 ea.",,$3.33 /100g,"Regular price
$8.49  ea.","Valid until Jan 24, 2024",https://product-images.metro.ca/images/h82/hae/11412495695902.jpg,https://www.metro.ca/en/online-grocery/search-page-428
ALEXIS DE PORTNEUF,Plain Snow Goat Cream Cheese,125 g,"$6.79
 ea.",,$5.43 /100g,,,https://product-images.metro.ca/images/hf7/h42/11319960862750.jpg,https://www.metro.ca/en/online-grocery/search-page-428
IRRESISTIBLES,Espresso Ground Coffee,340 g,"$6.99
 ea.",,$2.06 /100g,"Regular price
$8.49  ea.","Valid until Jan 10, 2024",https://product-images.metro.ca/images/h99/h26/9041583996958.jpg,https://www.metro.ca/en/online-grocery/search-page-429
NATUR-A,Unsweetened Fortified Almond & Coconut Beverage,946 mL,"$3.49
 ea.",,$0.37 /100ml,,,https://product-images.metro.ca/images/hb6/h01/11627070357534.jpg,https://www.metro.ca/en/online-grocery/search-page-429
MOLSON,"Lager Beer, Dry",6x355 mL - cans,"$12.99
 ea.",,$0.61 /100ml,,,,https://www.metro.ca/en/online-grocery/search-page-429
DR. OETKER,"Frozen 4 Meat Rising Crust Pizza, Giuseppe",740 g,"$9.39
 ea.",,$1.27 /100g,,,,https://www.metro.ca/en/online-grocery/search-page-429
CLUB HOUSE,Pickling Spice,110 g,"$4.99
 ea.",,$4.54 /100g,,,https://product-images.metro.ca/images/hc3/h41/11401315123230.jpg,https://www.metro.ca/en/online-grocery/search-page-429
OXICLEAN,Versatile Stain Remover Powder For Household & Laundry,32 loads-680 g,"$7.99
 ea.",,$1.18 /100g,,,https://product-images.metro.ca/images/h7c/hc7/11094847356958.jpg,https://www.metro.ca/en/online-grocery/search-page-429
COORS LIGHT,Light Lager Beer,710 mL - can,"2 / 
$9.00",,or $5.29 ea. $0.63 /100ml,,"Valid until Feb 7, 2024",https://product-images.metro.ca/images/hc1/h3b/9552974610462.jpg,https://www.metro.ca/en/online-grocery/search-page-429
PEPSI,"Zero Calorie Soft Drink, Max",6x710 mL,"$6.49
 ea.",,$0.15 /100ml,,,,https://www.metro.ca/en/online-grocery/search-page-429
NESTLÉ,"Mini Chocolate Bites, Coffee Crisp",180 g,"$5.79
 ea.",,$4.29 /100g,,,,https://www.metro.ca/en/online-grocery/search-page-429
LA COSTEÑA,Whole Black Beans,528 mL,"$3.69
 ea.",,$0.68 /100ml,,,https://product-images.metro.ca/images/h0d/hee/11829786378270.jpg,https://www.metro.ca/en/online-grocery/search-page-429
PÂTE 2000,Pizza Sauce,250 mL,"$6.79
 ea.",,$2.72 /100ml,,,https://product-images.metro.ca/images/he1/h4e/12050743820318.jpg,https://www.metro.ca/en/online-grocery/search-page-429
CLIF BAR,Chocolate Brownie Flavoured Energy Bar,68 g,"$2.19
 ea.",,$3.22 /100g,,,https://product-images.metro.ca/images/h78/h2d/11541077557278.jpg,https://www.metro.ca/en/online-grocery/search-page-429
STASH,Caffeine Free Lemon Ginger Herbal Tea,20 un,"$6.49
 ea.",,$0.32 /un.,,,https://product-images.metro.ca/images/hf0/h3a/9530191478814.jpg,https://www.metro.ca/en/online-grocery/search-page-429
AGGA COFFEE,Cremoso Nespresso® Coffee Pods,10 un,"$6.99
 ea.",,$0.70 /un.,,,https://product-images.metro.ca/images/hc0/h5a/12050738937886.jpg,https://www.metro.ca/en/online-grocery/search-page-429
EL-MA-MIA,Hot Spice Mix For Spaghetti Meat Sauce,110 g,"2 / 
$8.50",,$3.86 /100g,"Regular price
$4.99  ea.","Valid until Feb 7, 2024",https://product-images.metro.ca/images/hc8/h54/9910152658974.jpg,https://www.metro.ca/en/online-grocery/search-page-429
DE CECCO,Capellini Pasta,454 g,"$2.99
 ea.",,$0.66 /100g,"Regular price
$3.79  ea.","Valid until Jan 24, 2024",https://product-images.metro.ca/images/h4a/h7c/9150842109982.jpg,https://www.metro.ca/en/online-grocery/search-page-429
METROGO!,Frozen Pork And Beef Meat Pie 8",500 g,"3 / 
$24.00",,or $8.99 ea. $1.33 /100g,"Regular price
$9.99  ea.","Valid until Jan 17, 2024",,https://www.metro.ca/en/online-grocery/search-page-429
SELECTION,Regular Garbage Bags,100 un,"$13.29
 ea.",,$0.13 /un.,,,https://product-images.metro.ca/images/h35/h1a/8809166077982.jpg,https://www.metro.ca/en/online-grocery/search-page-429
IRRESISTIBLES,Rice Pudding,400 g,"$3.49
 ea.",,$0.87 /100g,,,https://product-images.metro.ca/images/h80/h5b/11521166180382.jpg,https://www.metro.ca/en/online-grocery/search-page-429
LA FOURNÉE DORÉE,Butter Brioche Loaf,400 g,"$7.99
 ea.",,$2.00 /100g,,,https://product-images.metro.ca/images/hb1/h39/11754123886622.jpg,https://www.metro.ca/en/online-grocery/search-page-429
SCRUBBING BUBBLES,Shower Cleaning Foam,567 g,"$6.79
 ea.",,$1.20 /100g,,,https://product-images.metro.ca/images/hba/h61/10715173552158.jpg,https://www.metro.ca/en/online-grocery/search-page-429
FLEECY,Fresh Air Fabric Softener Sheets,80 sheets,"$5.49
 ea.",,$0.07 /load,"Regular price
$6.49  ea.","Valid until Feb 7, 2024",https://product-images.metro.ca/images/h90/hfd/11614448779294.jpg,https://www.metro.ca/en/online-grocery/search-page-429
REKO,"Italian Anise Waffle Cookies, Pizzelle",200 g,"$5.49
 ea.",,$2.75 /100g,,,,https://www.metro.ca/en/online-grocery/search-page-429
SELECTION,Instant Beef Stock Mix,400 g,"$4.49
 ea.",,$1.12 /100g,,,https://product-images.metro.ca/images/h58/h00/11521154449438.jpg,https://www.metro.ca/en/online-grocery/search-page-429
AMY'S,"Ready To Serve Lentil Soup, Organic Soups",398 mL,"$5.99
 ea.",,$1.51 /100ml,,,,https://www.metro.ca/en/online-grocery/search-page-429
BOOST,Vanilla Flavoured Meal Replacement,6x237 mL,"$14.99
 ea.",,$1.05 /100ml,"Regular price
$16.99  ea.","Valid until Feb 7, 2024",https://product-images.metro.ca/images/h97/h0f/10715153203230.jpg,https://www.metro.ca/en/online-grocery/search-page-429
CHRISTOPHE DALBRAY,"Quebec White Wine, Cuvée Signature",750 mL,"$9.49
 ea.",,$1.27 /100ml,"Regular price
$10.69  ea.","Valid until Feb 7, 2024",,https://www.metro.ca/en/online-grocery/search-page-429
TWININGS,Chai Tea,20 un,"$5.79
 ea.",,$0.29 /un.,,,https://product-images.metro.ca/images/hae/h62/11669718663198.jpg,https://www.metro.ca/en/online-grocery/search-page-429
NESTEA,Lemon Iced Tea Mix,715 g,"$8.49
 ea.",,$1.19 /100g,,,https://product-images.metro.ca/images/h39/hc4/11477877096478.jpg,https://www.metro.ca/en/online-grocery/search-page-429
ALEXIS DE PORTNEUF,Belle Crème™ Triple Crème Brie Cheese,1 piece,"$5.84
 avg. ea.",(130 g avg.),$44.90 /kg$20.37 /lb.,"Regular price
$51.90  avg. kg","Valid until Jan 17, 2024",https://product-images.metro.ca/images/h84/h13/8886702931998.jpg,https://www.metro.ca/en/online-grocery/search-page-429
STUBB'S,Gluten Free Original Bar-B-Q Sauce,450 mL,"$4.99
 ea.",,$1.11 /100ml,,,https://product-images.metro.ca/images/h35/h96/10170623164446.jpg,https://www.metro.ca/en/online-grocery/search-page-430
WONG WING,Frozen Sweet And Sour Pork,"2 servings, 400 g","$8.99
 ea.",,$2.25 /100g,,,https://product-images.metro.ca/images/h95/heb/11274271686686.jpg,https://www.metro.ca/en/online-grocery/search-page-430
KIKKOMAN,Soy Sauce With Less Sodium,148 mL,"$6.99
 ea.",,$4.72 /100ml,,,https://product-images.metro.ca/images/hf5/hae/11614470504478.jpg,https://www.metro.ca/en/online-grocery/search-page-430
LE PETIT MAS,Fermented Garlic Flowers,190 mL,"$6.99
 ea.",,$3.68 /100ml,,,https://product-images.metro.ca/images/h49/hff/11511532126238.jpg,https://www.metro.ca/en/online-grocery/search-page-430
AURORA,Le Fettuccine Egg Pasta,250 g,"$3.79
 ea.",,$1.52 /100g,,,https://product-images.metro.ca/images/h58/hba/11754112581662.jpg,https://www.metro.ca/en/online-grocery/search-page-430
IRRESISTIBLES,Frozen Black Forest Cake,6 in - 750 g,"$20.99
 ea.",,$2.80 /100g,"Regular price
$22.49  ea.","Valid until Jan 17, 2024",https://product-images.metro.ca/images/h48/hb9/8860382953502.jpg,https://www.metro.ca/en/online-grocery/search-page-430
CANADA DRY,Tonic Water,6x222 mL,"2 / 
$8.00",,$0.30 /100ml,"Regular price
$5.79  ea.","Valid until Jan 24, 2024",https://product-images.metro.ca/images/he1/hde/10495744016414.jpg,https://www.metro.ca/en/online-grocery/search-page-430
OCEAN SPRAY,Diet Cranberry Beverage,6x295 mL,"$7.29
 ea.",,$0.41 /100ml,,,https://product-images.metro.ca/images/h2f/h10/10794066903070.jpg,https://www.metro.ca/en/online-grocery/search-page-430
D'AUCY,Green Flageolet Beans,398 mL,"$3.79
 ea.",,$0.95 /100ml,,,https://product-images.metro.ca/images/ha7/h07/11714263384094.jpg,https://www.metro.ca/en/online-grocery/search-page-430
RENÉE'S GOURMET,Honey And Dijon Mustard Flavoured Vinaigrette Indivi...,43 mL,"$0.69
 ea.",,$1.60 /100ml,,,,https://www.metro.ca/en/online-grocery/search-page-430
METROGO!,Vegetable Mix For Fondue,,"$8.99
 ea.",,$1.80 /100g,,,https://product-images.metro.ca/images/h21/h96/8837036081182.jpg,https://www.metro.ca/en/online-grocery/search-page-430
PREMIÈRE MOISSON,Old Fashioned Spicy Capicollo,,"$4.69
 / 100 g",,$46.90 /kg$21.27 /lb.,,,https://product-images.metro.ca/images/h90/hdc/9961688268830.jpg,https://www.metro.ca/en/online-grocery/search-page-430
BLUE DRAGON,Light Coconut Milk,400 mL,"$4.19
 ea.",,$1.05 /100ml,,,https://product-images.metro.ca/images/h49/h46/9742458552350.jpg,https://www.metro.ca/en/online-grocery/search-page-430
LESTERS,Spicy Pepperoni,225 g,"$4.49
 ea.",,$2.00 /100g,"Regular price
$4.99  ea.","Valid until Jan 17, 2024",https://product-images.metro.ca/images/ha7/hc0/10518841524254.jpg,https://www.metro.ca/en/online-grocery/search-page-430
LECLERC,"Mini Butter Cookies With Real Milk Chocolate, Célébr...",180 g,"$4.49
 ea.",,$2.49 /100g,,,,https://www.metro.ca/en/online-grocery/search-page-430
CLUB HOUSE,Paprika,119 g,"$9.49
 ea.",,$7.97 /100g,,,https://product-images.metro.ca/images/hc4/he7/10170586955806.jpg,https://www.metro.ca/en/online-grocery/search-page-430
PRANA,Kilimanjaro Deluxe Chocolate Mix,150 g,"$5.99
 ea.",,$3.99 /100g,"Regular price
$6.79  ea.","Valid until Jan 24, 2024",https://product-images.metro.ca/images/hda/h2e/10547095339038.jpg,https://www.metro.ca/en/online-grocery/search-page-430
CORDON BLEU,Meatballs In Gravy With Vegetables,410 g,"$5.79
 ea.",,$1.41 /100g,,,https://product-images.metro.ca/images/h11/h81/11477843410974.jpg,https://www.metro.ca/en/online-grocery/search-page-430
SELECTION,Grapefruit Flavoured Sparkling Water,12x355 mL,"$5.99
 ea.",,$0.14 /100ml,,,https://product-images.metro.ca/images/he1/hb0/11521265926174.jpg,https://www.metro.ca/en/online-grocery/search-page-430
RIVIERA,14% Sour Cream Petit Pot,2x120 mL,"$3.99
 ea.",,$1.66 /100ml,,,https://product-images.metro.ca/images/h81/h1c/8833067450398.jpg,https://www.metro.ca/en/online-grocery/search-page-430
SELECTION,"Instant Enriched Long Grain Rice, Express",700 g,"$4.49
 ea.",,$0.64 /100g,"Regular price
$5.79  ea.","Valid until Jan 24, 2024",,https://www.metro.ca/en/online-grocery/search-page-430
MAZOLA,Canola Oil,2.84 L,"$16.99
 ea.",,$0.60 /100ml,,,https://product-images.metro.ca/images/h34/h0b/12122106200094.jpg,https://www.metro.ca/en/online-grocery/search-page-430
SECRET,Baby Powder Scented Antiperspirant And Deodorant Sti...,73 g,"$5.99
 ea.",,$8.21 /100g,,,,https://www.metro.ca/en/online-grocery/search-page-430
MARQUIS DE MÉRICOURT,Canadian White Wine,4 L,"$42.99
 ea.",,$1.07 /100ml,,,https://product-images.metro.ca/images/hda/hf4/12210150277150.jpg,https://www.metro.ca/en/online-grocery/search-page-430
METROGO!,Baby Carrots And Celery Sticks,,"$2.99
 ea.",,$1.36 /100g,,,https://product-images.metro.ca/images/he1/h80/9279636078622.jpg,https://www.metro.ca/en/online-grocery/search-page-430
SELECTION,Salad Seasoning,50 g,"$2.49
 ea.",,$4.98 /100g,,,https://product-images.metro.ca/images/h9b/h43/9096937209886.jpg,https://www.metro.ca/en/online-grocery/search-page-430
MIO,Lemonade Flavoured Liquid Water Enhancer,48 mL,"$3.99
 ea.",,$8.31 /100ml,"Regular price
$4.59  ea.","Valid until Jan 24, 2024",https://product-images.metro.ca/images/h28/hba/9986726428702.jpg,https://www.metro.ca/en/online-grocery/search-page-430
IRRESISTIBLES,Frozen Black Forest Cake,4 in - 325 g,"$12.49
 ea.",,$3.84 /100g,,"Valid until Jan 17, 2024",https://product-images.metro.ca/images/hab/hd4/8861184655390.jpg,https://www.metro.ca/en/online-grocery/search-page-430
NATURE'S PATH,"Organic Dark Chocolate And Peanut Butter Granola, Lo...",325 g,"$5.49
 ea.",,$1.69 /100g,"Regular price
$7.79  ea.","Valid until Feb 7, 2024",,https://www.metro.ca/en/online-grocery/search-page-430
IRRESISTIBLES,Chili Powder,68 g,"$4.99
 ea.",,$7.34 /100g,,,https://product-images.metro.ca/images/hb2/h23/12083926401054.jpg,https://www.metro.ca/en/online-grocery/search-page-430
OLIVIERI,Italian Sausage Tortelloni,600 g,"$11.49
 ea.",,$1.92 /100g,,,https://product-images.metro.ca/images/h92/h75/8821244133406.jpg,https://www.metro.ca/en/online-grocery/search-page-431
LA COSTEÑA,Refried Black Beans,546 mL,"$3.99
 ea.",,$0.73 /100ml,,,https://product-images.metro.ca/images/he6/h56/11829789982750.jpg,https://www.metro.ca/en/online-grocery/search-page-431
TETLEY,Naturally Decaffeinated Green Tea,24 un,"$3.99
 ea.",,$0.17 /un.,"Regular price
$4.99  ea.","Valid until Feb 7, 2024",https://product-images.metro.ca/images/hd9/hf6/9518913257502.jpg,https://www.metro.ca/en/online-grocery/search-page-431
IRRESISTIBLES,Sultana Raisins,400 g,"$3.49
 ea.",,$0.87 /100g,"Regular price
$4.49  ea.","Valid until Jan 10, 2024",https://product-images.metro.ca/images/h10/hd3/11521312981022.jpg,https://www.metro.ca/en/online-grocery/search-page-431
CEDAR,Balady Brown Lentils,907 g,"$4.49
 ea.",,$0.50 /100g,,,https://product-images.metro.ca/images/h83/h72/8896314441758.jpg,https://www.metro.ca/en/online-grocery/search-page-431
,"Chicken Thighs Without Back, Value Pack",8 thighs per tray,"$10.89
 avg. ea.","(1,100 g avg.)",$9.90 /kg$4.49 /lb.,,,https://product-images.metro.ca/images/h8a/h8f/8884595392542.jpg,https://www.metro.ca/en/online-grocery/search-page-431
PASTENE,Julienne-Cut Sundried Tomatoes In Olive Oil,184 g,"$6.79
 ea.",,$3.69 /100g,"Regular price
$7.29  ea.","Valid until Jan 24, 2024",https://product-images.metro.ca/images/hf3/hb4/11281595531294.jpg,https://www.metro.ca/en/online-grocery/search-page-431
QI'A,Creamy Coconut Pure Oats Oatmeal Packets,6x38 g,"$5.49
 ea.",,$2.41 /100g,"Regular price
$7.29  ea.","Valid until Feb 7, 2024",https://product-images.metro.ca/images/h40/h20/9518730838046.jpg,https://www.metro.ca/en/online-grocery/search-page-431
SELECTION,Chick Peas,900 g,"$1.99
 ea.",,$0.22 /100g,"Regular price
$2.69  ea.","Valid until Jan 24, 2024",https://product-images.metro.ca/images/had/h44/8954088751134.jpg,https://www.metro.ca/en/online-grocery/search-page-431
SELECTION,Reduced Salt Beef Bouillon Concentrate,500 mL,"$5.49
 ea.",,$1.10 /100ml,"Regular price
$6.99  ea.","Valid until Jan 10, 2024",https://product-images.metro.ca/images/h3a/hec/11521233354782.jpg,https://www.metro.ca/en/online-grocery/search-page-431
CAFFITALY,"Robusto Nespresso® Coffee Capsules, Compatibili",10 un,"$5.49
 ea.",,$0.55 /un.,"Regular price
$6.49  ea.","Valid until Feb 7, 2024",,https://www.metro.ca/en/online-grocery/search-page-431
BACARDI,Frozen Concentrated Non-Alcoholic Strawberry Daiquir...,250 mL,"2 / 
$4.00",,$0.80 /100ml,"Regular price
$2.49  ea.","Valid until Jan 10, 2024",,https://www.metro.ca/en/online-grocery/search-page-431
SWEET CREATIONS,Palm Leaf Pastry,150 g,"$7.99
 ea.",,$5.33 /100g,,,https://product-images.metro.ca/images/h09/hbb/10946148925470.jpg,https://www.metro.ca/en/online-grocery/search-page-431
METROGO!,Multigrain BBQ Chicken Breast Sandwich,165 g,"$4.99
 ea.",,$3.02 /100g,,,https://product-images.metro.ca/images/hc1/hd3/11926675783710.jpg,https://www.metro.ca/en/online-grocery/search-page-431
LES ALIMENTS MER ET MONDE,Fully Cooked Honey And Garlic Sausages,300 g,"$7.99
 ea.",,$2.66 /100g,,,https://product-images.metro.ca/images/h24/h20/8822482632734.jpg,https://www.metro.ca/en/online-grocery/search-page-431
MRS DASH,Garlic And Herbs Seasoning Blend,70 g,"$4.49
 ea.",,$6.41 /100g,,,https://product-images.metro.ca/images/h0f/hee/10486544662558.jpg,https://www.metro.ca/en/online-grocery/search-page-431
METROGO!,Honeydew Slices,Approximately 6 slices,"$4.99
 ea.",,$0.91 /100g,,,https://product-images.metro.ca/images/h8d/h21/8935511097374.jpg,https://www.metro.ca/en/online-grocery/search-page-431
TRUDEAU,Cilantro Seasoning,115 g,"$5.99
 ea.",,$5.21 /100g,,,https://product-images.metro.ca/images/h2d/h6b/11461726699550.jpg,https://www.metro.ca/en/online-grocery/search-page-431
TRISCUIT,Roasted Tomato And Olive Oil Seasoned Crackers,200 g,"$4.49
 ea.",,$2.25 /100g,,,https://product-images.metro.ca/images/h86/h88/11117344096286.jpg,https://www.metro.ca/en/online-grocery/search-page-431
GOGO QUINOA,Tri-Color Quinoa,375 g,"$4.49
 ea.",,$1.20 /100g,"Regular price
$5.59  ea.","Valid until Jan 24, 2024",https://product-images.metro.ca/images/h09/h25/12191695634462.jpg,https://www.metro.ca/en/online-grocery/search-page-431
CLUB HOUSE,Reduced Salt Shepherd'S Pie Seasoning Mix,47 g,"4 / 
$5.00",,$2.66 /100g,"Regular price
$1.49  ea.","Valid until Jan 24, 2024",https://product-images.metro.ca/images/hda/h9f/11761562484766.jpg,https://www.metro.ca/en/online-grocery/search-page-431
JIF,Creamy Light Peanut Butter With 25% Less Fat,1 kg,"$6.99
 ea.",,$0.70 /100g,"Regular price
$7.79  ea.","Valid until Feb 7, 2024",https://product-images.metro.ca/images/he1/h0b/12174925856798.jpg,https://www.metro.ca/en/online-grocery/search-page-431
AGROPUR SIGNATURE,"Cheddar Cheese Aged 3 Years, Grand Cheddar",200 g,"$9.99
 ea.",,$5.00 /100g,"Regular price
$10.29  ea.","Valid until Jan 17, 2024",,https://www.metro.ca/en/online-grocery/search-page-431
CLUB HOUSE,Organic Paprika,40 g,"$2.99
 ea.",,$7.48 /100g,"Regular price
$3.29  ea.","Valid until Feb 7, 2024",https://product-images.metro.ca/images/hc7/hc5/11307098767390.jpg,https://www.metro.ca/en/online-grocery/search-page-431
COATICOOK,"Mocharamel Flavoured Old-Fashioned Ice Cream, La Gou...",1.5 L,"$7.49
 ea.",,$0.50 /100ml,,,,https://www.metro.ca/en/online-grocery/search-page-431
CLUB HOUSE,Gravy Mix For Pork,24 g,"4 / 
$5.00",,$5.21 /100g,"Regular price
$1.49  ea.","Valid until Jan 24, 2024",https://product-images.metro.ca/images/he9/hd7/11761493475358.jpg,https://www.metro.ca/en/online-grocery/search-page-431
REKO,"Italian Chocolate Waffle Cookies, Pizzelle",200 g,"$5.49
 ea.",,$2.75 /100g,,,,https://www.metro.ca/en/online-grocery/search-page-431
LISTERINE,Mild Mint Flavoured Zero™ Alcohol Free Antiseptic Mo...,1 L,"$10.49
 ea.",,$1.05 /100ml,,,,https://www.metro.ca/en/online-grocery/search-page-431
CLUB HOUSE,Ground Black Pepper,115 g,"$9.49
 ea.",,$8.25 /100g,,,https://product-images.metro.ca/images/h9f/h50/10109085155358.jpg,https://www.metro.ca/en/online-grocery/search-page-431
SELECTION,Parsley Flakes,85 g,"$4.99
 ea.",,$5.87 /100g,,,https://product-images.metro.ca/images/h4f/h1b/8845031440414.jpg,https://www.metro.ca/en/online-grocery/search-page-431
CLUB HOUSE,Simulated Bacon Bits,143 g,"$4.99
 ea.",,$3.49 /100g,,,https://product-images.metro.ca/images/h35/h6f/11281599627294.jpg,https://www.metro.ca/en/online-grocery/search-page-432
MAILLE,"Red Wine Vinegar, Grande Cuvée",500 mL,"$7.99
 ea.",,$1.60 /100ml,"Regular price
$9.29  ea.","Valid until Feb 7, 2024",,https://www.metro.ca/en/online-grocery/search-page-432
FRESCA,Sugar Free Citrus Flavoured Soft Drink,2 L,"$3.69
 ea.",,$0.18 /100ml,,,https://product-images.metro.ca/images/ha3/hfe/10495664914462.jpg,https://www.metro.ca/en/online-grocery/search-page-432
CLUB HOUSE,Red Food Colouring,28 mL,"$2.19
 ea.",,$7.82 /100ml,,,https://product-images.metro.ca/images/h75/hf8/10486591815710.jpg,https://www.metro.ca/en/online-grocery/search-page-432
CRUNCHMASTER,Rosemary And Olive Oil Flavoured Multi-Seed Crackers,128 g,"$5.49
 ea.",,$4.29 /100g,"Regular price
$6.99  ea.","Valid until Jan 24, 2024",https://product-images.metro.ca/images/h79/h5c/11559759511582.jpg,https://www.metro.ca/en/online-grocery/search-page-432
RIO MARE,Light Tuna In Olive Oil With Chilli,3x80 g,"$8.99
 ea.",,$3.75 /100g,,,https://product-images.metro.ca/images/hec/hc3/10486553051166.jpg,https://www.metro.ca/en/online-grocery/search-page-432
CAT'S PRIDE,"Scented Multi-Cat Litter, Fresh & Light",4.54 kg,"$13.99
 ea.",,$0.31 /100g,"Regular price
$15.49  ea.","Valid until Jan 24, 2024",,https://www.metro.ca/en/online-grocery/search-page-432
ALLESSIA,"Hot Antipasto Spread, La Bomba",314 mL,"$7.99
 ea.",,$2.54 /100ml,"Regular price
$8.49  ea.","Valid until Jan 24, 2024",,https://www.metro.ca/en/online-grocery/search-page-432
FARKAY,Chinese Steam Fried Noodles,397 g,"$4.99
 ea.",,$1.26 /100g,"Regular price
$6.99  ea.","Valid until Jan 24, 2024",https://product-images.metro.ca/images/h3b/h35/9522029756446.jpg,https://www.metro.ca/en/online-grocery/search-page-432
DENTYNE,"Avalanche Flavoured Sugar-Free Gum, Ice",1 un,"$1.49
 ea.",,$1.49 /un.,,,,https://www.metro.ca/en/online-grocery/search-page-432
EL-MA-MIA,Seasoning For Spaghetti Meat Sauce With Less Sugar A...,110 g,"2 / 
$8.50",,$3.86 /100g,"Regular price
$4.99  ea.","Valid until Feb 7, 2024",,https://www.metro.ca/en/online-grocery/search-page-432
FLAGRANTS DESIRS,Dark Chocolate 72% Cocoa,100 g,"$4.49
 ea.",,$4.49 /100g,,,https://product-images.metro.ca/images/h16/heb/10053720014878.jpg,https://www.metro.ca/en/online-grocery/search-page-432
BERNARDIN,Regular Mason Jars With Snap Lid® Closures,12x500 ml,"$17.29
 ea.",,$0.29 /100ml,,,https://product-images.metro.ca/images/h51/hf3/10778564296734.jpg,https://www.metro.ca/en/online-grocery/search-page-432
KIJU,Organic Lemonade,1 L,"$3.99
 ea.",,$0.40 /100ml,,,https://product-images.metro.ca/images/h8a/h76/10521694306334.jpg,https://www.metro.ca/en/online-grocery/search-page-432
MONDOUX,"Juby & Gummy Candy Mix, Sweet Sixteen",400 g,"$6.79
 ea.",,$1.70 /100g,,,,https://www.metro.ca/en/online-grocery/search-page-432
MONSTER,Zero Ultra Energy Drink,473 mL,"2 / 
$5.50",,$0.58 /100ml,"Regular price
$3.99  ea.","Valid until Jan 24, 2024",https://product-images.metro.ca/images/hba/hd8/10495646007326.jpg,https://www.metro.ca/en/online-grocery/search-page-432
LONEY'S,Roast Beef Gravy Mix,400 g,"$6.99
 ea.",,$1.75 /100g,"Regular price
$7.99  ea.","Valid until Jan 24, 2024",https://product-images.metro.ca/images/h33/h86/9554278383646.jpg,https://www.metro.ca/en/online-grocery/search-page-432
RED GRILL,"Ribsteaks, Fast Fry",2 steaks per tray,"$24.79
 avg. ea.",(500 g avg.),$49.58 /kg$22.49 /lb.,,,https://product-images.metro.ca/images/h48/hee/9185788887070.jpg,https://www.metro.ca/en/online-grocery/search-page-432
,Frozen Yellowfin Tuna Steak,,"$7.93
 avg. ea.",(200 g avg.),$39.66 /kg$17.99 /lb.,,,https://product-images.metro.ca/images/h5a/h81/9216227016734.jpg,https://www.metro.ca/en/online-grocery/search-page-432
SELECTION,9" Pie Shells,285 g,"$2.99
 ea.",,$1.05 /100g,"Regular price
$3.99  ea.","Valid until Jan 10, 2024",,https://www.metro.ca/en/online-grocery/search-page-432
SELECTION,Thai Flavoured Instant Noodle Soup,65 g,"$1.00
 ea.",,$1.54 /100g,"Regular price
$1.29  ea.","Valid until Jan 24, 2024",https://product-images.metro.ca/images/hf9/ha0/9518597341214.jpg,https://www.metro.ca/en/online-grocery/search-page-432
ROQUEFORT SOCIÉTÉ,Unpasteurised Sheep'S Milk Roquefort Cheese,100 g,"$6.99
 ea.",,$6.99 /100g,"Regular price
$7.49  ea.","Valid until Jan 17, 2024",https://product-images.metro.ca/images/h0b/h1e/10020542840862.jpg,https://www.metro.ca/en/online-grocery/search-page-432
ST. DALFOUR,Pineapple And Mango Deluxe Spread,225 ml,"$7.49
 ea.",,$3.33 /100ml,,,https://product-images.metro.ca/images/hd9/hfe/9554198429726.jpg,https://www.metro.ca/en/online-grocery/search-page-432
METROGO!,Berry Parfait,,"$7.99
 ea.",,$2.66 /100g,,,https://product-images.metro.ca/images/hf4/h44/8837263884318.jpg,https://www.metro.ca/en/online-grocery/search-page-432
LACTANTIA,2% Lactose Free Milk,1.5 L,"$5.99
 ea.",,$0.40 /100ml,,,https://product-images.metro.ca/images/hac/h72/11354273742878.jpg,https://www.metro.ca/en/online-grocery/search-page-432
CHAPMAN'S,"Vanilla And Almonds Ice Cream Cones, Yukon",6x90 mL,"$8.49
 ea.",,$1.21 /100ml,,,,https://www.metro.ca/en/online-grocery/search-page-432
DEL MONTE,Fruit Cocktail Packed In Water,398 mL,"$3.49
 ea.",,$0.88 /100ml,,,https://product-images.metro.ca/images/hf7/hd7/10309918326814.jpg,https://www.metro.ca/en/online-grocery/search-page-432
EXCEL,Freshmint Flavoured Mints,4 un,"$4.49
 ea.",,$1.12 /un.,,,https://product-images.metro.ca/images/h11/h81/11614474010654.jpg,https://www.metro.ca/en/online-grocery/search-page-432
MIO,Fruit Punch Flavoured Liquid Water Enhancer,48 mL,"$3.99
 ea.",,$8.31 /100ml,"Regular price
$4.59  ea.","Valid until Jan 24, 2024",https://product-images.metro.ca/images/he9/h8c/9986739470366.jpg,https://www.metro.ca/en/online-grocery/search-page-432
SELECTION,Country Meadow Scented Liquid Fabric Softener,48 loads-1.6 L,"$3.49
 ea.",,$0.07 /load,"Regular price
$4.39  ea.","Valid until Feb 7, 2024",https://product-images.metro.ca/images/hef/h26/9730664595486.jpg,https://www.metro.ca/en/online-grocery/search-page-432
NONG SHIM,Oolong Chicken Cup Noodle Soup Mix,75 g,"$1.99
 ea.",,$2.65 /100g,,,https://www.metro.ca/images/shared/placeholders/icon-no-picture.svg?v=2023.71.1.d1,https://www.metro.ca/en/online-grocery/search-page-433
SPLASH BLAST,Lemon Flavoured Water Beverage,6x500 mL,"$3.79
 ea.",,$0.13 /100ml,,,https://product-images.metro.ca/images/h54/hb1/11374752071710.jpg,https://www.metro.ca/en/online-grocery/search-page-433
VILLA RAVIOLI,Frozen Ricotta And Romano Cheese Tortellini,700 g,"$8.49
 ea.",,$1.21 /100g,,,https://product-images.metro.ca/images/h00/h01/9559034036254.jpg,https://www.metro.ca/en/online-grocery/search-page-433
M'LORD,Whole Water Chestnuts,227 mL,"$1.99
 ea.",,$0.88 /100ml,"Regular price
$2.29  ea.","Valid until Jan 24, 2024",https://product-images.metro.ca/images/h37/h7a/11307092377630.jpg,https://www.metro.ca/en/online-grocery/search-page-433
CEDAR,Eston Lentils,907 g,"$4.49
 ea.",,$0.50 /100g,,,https://product-images.metro.ca/images/h3b/hd6/9719619944478.jpg,https://www.metro.ca/en/online-grocery/search-page-433
ARCTIC POWER,Waterfall Fresh™ Liquid Laundry Detergent,88 loads-3.96 L,"$11.49
 ea.",,$0.13 /load,,,https://product-images.metro.ca/images/h41/h87/11351676420126.jpg,https://www.metro.ca/en/online-grocery/search-page-433
WALLAROO TRAIL,Australian Red Wine,4 L,"$48.49
 ea.",,$1.21 /100ml,,,https://product-images.metro.ca/images/he7/h8e/10399694815262.jpg,https://www.metro.ca/en/online-grocery/search-page-433
SELECTION,"Lemon-Lime Flavoured Soft Drink, C-Up",12x355 mL,"$5.79
 ea.",,$0.14 /100ml,,,,https://www.metro.ca/en/online-grocery/search-page-433
SUNRYPE,"Mango Juice, Slim",1.36 L,"$3.49
 ea.",,$0.26 /100ml,"Regular price
$4.39  ea.","Valid until Jan 24, 2024",,https://www.metro.ca/en/online-grocery/search-page-433
METROGO!,Rosée Sauce,400 mL,"$6.99
 ea.",,$1.75 /100ml,,,https://product-images.metro.ca/images/hb4/had/11926702882846.jpg,https://www.metro.ca/en/online-grocery/search-page-433
IRRESISTIBLES,Roasted Whole Almonds,300 g,"$8.99
 ea.",,$3.00 /100g,,,https://product-images.metro.ca/images/hcd/h47/9051553497118.jpg,https://www.metro.ca/en/online-grocery/search-page-433
DOYON,Pure Honey,250 g,"$8.99
 ea.",,$3.60 /100g,,,https://product-images.metro.ca/images/h8a/h9d/11204999479326.jpg,https://www.metro.ca/en/online-grocery/search-page-433
MILK 2 GO,"Strawberry Banana Flavoured Protein Milkshake, Sport",325 mL,"$2.49
 ea.",,$0.77 /100ml,,,,https://www.metro.ca/en/online-grocery/search-page-433
REKO,"Italian Maple Waffle Cookies, Pizzelle",200 g,"$5.49
 ea.",,$2.75 /100g,,,,https://www.metro.ca/en/online-grocery/search-page-433
LE MIEL D'ÉMILIE,Creamed Golden Honey,500 g,"$7.99
 ea.",,$1.60 /100g,"Regular price
$8.99  ea.","Valid until Feb 7, 2024",https://product-images.metro.ca/images/hc9/h23/9527232462878.jpg,https://www.metro.ca/en/online-grocery/search-page-433
RITTER SPORT,Dark Chocolate With Peppermint,100 g,"$3.49
 ea.",,$3.49 /100g,"Regular price
$4.49  ea.","Valid until Jan 24, 2024",https://product-images.metro.ca/images/ha5/h52/11860655439902.jpg,https://www.metro.ca/en/online-grocery/search-page-433
PABST BLUE RIBBON,Strong Lager Beer,6x355 mL - cans,"$9.99
 ea.",,$0.47 /100ml,,,https://product-images.metro.ca/images/h5e/h22/10170606944286.jpg,https://www.metro.ca/en/online-grocery/search-page-433
CLUB HOUSE,"Barbecue Chicken Seasoning, La Grille",203 g,"$6.49
 ea.",,$3.20 /100g,,,,https://www.metro.ca/en/online-grocery/search-page-433
SARDO,"Jumbo Pitted Olives, Deli Market",250 mL,"$5.29
 ea.",,$2.12 /100ml,,,,https://www.metro.ca/en/online-grocery/search-page-433
FILIPPO BERIO,Olive Oil,1 L,"$23.99
 ea.",,$2.40 /100ml,,,https://product-images.metro.ca/images/h17/hdf/10040025776158.jpg,https://www.metro.ca/en/online-grocery/search-page-433
CLUB HOUSE,Peppercorn Medley Seasoning Grinder,24 g,"$3.29
 ea.",,$13.71 /100g,,,https://product-images.metro.ca/images/h39/he3/10421692039198.jpg,https://www.metro.ca/en/online-grocery/search-page-433
BRIGHT AIR,Cool And Clean Super Odor™ Eliminator,395 g,"$5.79
 ea.",,$1.47 /100g,,,https://product-images.metro.ca/images/hdc/h4c/8809571549214.jpg,https://www.metro.ca/en/online-grocery/search-page-433
RIVIERA,4.9% Plain Probiotic Goat Yogurt,500 g,"$7.29
 ea.",,$1.46 /100g,,,https://product-images.metro.ca/images/hbe/hd6/11570805309470.jpg,https://www.metro.ca/en/online-grocery/search-page-433
SCRUBBING BUBBLES,Fresh Citrus Scented Toilet Cleaning Gel,6 un,"$6.29
 ea.",,$1.05 /un.,,,https://product-images.metro.ca/images/h2d/hf1/9730776694814.jpg,https://www.metro.ca/en/online-grocery/search-page-433
MARIE MORIN,Single Serve Crèmes Brûlées,4x103 g,"$14.99
 ea.",,$3.64 /100g,,,https://product-images.metro.ca/images/h8b/hb3/11541007138846.jpg,https://www.metro.ca/en/online-grocery/search-page-433
SAN-J,Reduced Salt Tamari Sauce,296 mL,"$6.99
 ea.",,$2.36 /100ml,"Regular price
$8.99  ea.","Valid until Jan 10, 2024",https://product-images.metro.ca/images/hfe/hb1/11816879292446.jpg,https://www.metro.ca/en/online-grocery/search-page-433
CHRISTOPHE DALBRAY,"Quebec Red Wine, Cuvée Signature",750 mL,"$9.49
 ea.",,$1.27 /100ml,"Regular price
$10.69  ea.","Valid until Feb 7, 2024",,https://www.metro.ca/en/online-grocery/search-page-433
BRISK,Lemon Flavoured Iced Tea,2 L,"2 / 
$6.00",,$0.15 /100ml,"Regular price
$3.49  ea.","Valid until Jan 24, 2024",https://product-images.metro.ca/images/h34/hf3/10135768236062.jpg,https://www.metro.ca/en/online-grocery/search-page-433
SELECTION,"Soft Drink, Club Soda",12x355 mL,"$5.79
 ea.",,$0.14 /100ml,,,,https://www.metro.ca/en/online-grocery/search-page-433
PREMIÈRE MOISSON,Rosée Sauce,700 mL,"$10.99
 ea.",,$1.57 /100ml,"Regular price
$12.29  ea.","Valid until Jan 10, 2024",https://product-images.metro.ca/images/h84/h47/11449494306846.jpg,https://www.metro.ca/en/online-grocery/search-page-433
AMY'S,"Ready To Serve Split Pea Soup, Organic Soups",398 mL,"$5.99
 ea.",,$1.51 /100ml,,,,https://www.metro.ca/en/online-grocery/search-page-434
LE PETIT ST-PAULIN,Semi-Soft Cheese,200 g,"$9.99
 ea.",,$5.00 /100g,,,https://product-images.metro.ca/images/h84/h4d/8835118792734.jpg,https://www.metro.ca/en/online-grocery/search-page-434
PLAISIRS GASTRONOMIQUES,Chicken Vol-Au-Vent,480 g,"$9.99
 ea.",,$2.08 /100g,,,https://product-images.metro.ca/images/h47/hc8/11754097836062.jpg,https://www.metro.ca/en/online-grocery/search-page-434
MASTRO,Extra Hot Capocollo,,"$4.79
 / 100 g",,$47.90 /kg$21.73 /lb.,"Regular price
$49.90  / kg","Valid until Jan 17, 2024",https://product-images.metro.ca/images/h54/h9a/9204803371038.jpg,https://www.metro.ca/en/online-grocery/search-page-434
DR. OETKER,"Frozen Rising Crust 4 Cheese Pizza, Giuseppe",660 g,"$9.39
 ea.",,$1.42 /100g,,,,https://www.metro.ca/en/online-grocery/search-page-434
PÊCHERIE MANICOUAGAN,Marinated Whelk,130 g,"$10.99
 ea.",,$8.45 /100g,,,https://product-images.metro.ca/images/hf8/h61/11401338650654.jpg,https://www.metro.ca/en/online-grocery/search-page-434
PASTENE,Pesto Basil Sauce,170 mL,"$5.99
 ea.",,$3.52 /100ml,,,https://product-images.metro.ca/images/hc2/hd9/11511550705694.jpg,https://www.metro.ca/en/online-grocery/search-page-434
LA MILANAISE,Organic Buckwheat Flour,1 kg,"$7.49
 ea.",,$0.75 /100kg,,,https://product-images.metro.ca/images/h18/h35/9927545225246.jpg,https://www.metro.ca/en/online-grocery/search-page-434
GLAD,Fresh Clean Scented Tall White Garbage Bags,60 un,"$13.49
 ea.",,$0.22 /un.,,,https://product-images.metro.ca/images/h50/h58/10020628693022.jpg,https://www.metro.ca/en/online-grocery/search-page-434
NATURE'S PATH,Organic Whole Grain Cereal,907 g,"$11.99
 ea.",,$1.32 /100g,,,https://product-images.metro.ca/images/h70/hc5/11477846949918.jpg,https://www.metro.ca/en/online-grocery/search-page-434
,Organic Red Onions,2 lb,"$4.99
 ea.",,$0.55 /100g,,,https://product-images.metro.ca/images/hce/h33/10258409816094.jpg,https://www.metro.ca/en/online-grocery/search-page-434
SMUCKER'S,"Blueberry Fruit Spread, Double Fruit",375 mL,"$5.99
 ea.",,$1.60 /100ml,"Regular price
$6.49  ea.","Valid until Feb 7, 2024",,https://www.metro.ca/en/online-grocery/search-page-434
SELECTION,Zesty Italian Dressing,475 mL,"$2.99
 ea.",,$0.63 /100ml,"Regular price
$3.69  ea.","Valid until Jan 24, 2024",https://product-images.metro.ca/images/hd6/h3c/11521116012574.jpg,https://www.metro.ca/en/online-grocery/search-page-434
OCEAN'S,"Ready-To-Eat Light Tuna And Crackers, SnacKit",95 g,"2 / 
$5.50",,$2.89 /100g,"Regular price
$3.49  ea.","Valid until Jan 24, 2024",,https://www.metro.ca/en/online-grocery/search-page-434
SELECTION,Chewy Chocolate Chip Granola Bars Coated With Milk C...,30 bars,"$8.99
 ea.",,$0.97 /100g,,,,https://www.metro.ca/en/online-grocery/search-page-434
BON MATIN,"Oats And Quinoa Sliced Bread, La Mie De L'Artisan",600 g,"$5.29
 ea.",,$0.88 /100g,,,,https://www.metro.ca/en/online-grocery/search-page-434
GLICO,"Strawberry Cream Covered Biscuit Sticks, Pocky",33 g,"$2.49
 ea.",,$7.55 /100g,,,,https://www.metro.ca/en/online-grocery/search-page-434
NESTEA,"Flavoured Iced Tea, Lemon Zero",1.89 L,"$4.99
 ea.",,$0.26 /100ml,,,,https://www.metro.ca/en/online-grocery/search-page-434
BON MATIN,"Rye Sliced Bread, La Mie De L'Artisan",675 g,"$5.29
 ea.",,$0.78 /100g,,,,https://www.metro.ca/en/online-grocery/search-page-434
QUE PASA,Organic Mild Salsa,420 mL,"$4.69
 ea.",,$1.12 /100ml,,,https://product-images.metro.ca/images/he5/h24/11761495277598.jpg,https://www.metro.ca/en/online-grocery/search-page-434
PLAISIRS GASTRONOMIQUES,Fully Cooked Pork Osso Bucco,700 g,"$18.99
 ea.",,$2.71 /100g,,,https://product-images.metro.ca/images/he2/h1a/11574062972958.jpg,https://www.metro.ca/en/online-grocery/search-page-434
COOL WAY,Vanilla Bean Ice Cream,500 mL,"$5.99
 ea.",,$1.20 /100ml,"Regular price
$6.49  ea.","Valid until Feb 14, 2024",https://product-images.metro.ca/images/he7/hef/11642950418462.jpg,https://www.metro.ca/en/online-grocery/search-page-434
CLUB DES MILLIONNAIRES,Skinless Boneless Sardines In Water,124 g,"$3.69
 ea.",,$2.98 /100g,,,https://product-images.metro.ca/images/h64/h17/12191676629022.jpg,https://www.metro.ca/en/online-grocery/search-page-434
MRS.CUBBISON'S,Southwest Flavour Tortilla Strips,99 g,"$3.49
 ea.",,$3.53 /100g,"Regular price
$4.19  ea.","Valid until Jan 24, 2024",https://product-images.metro.ca/images/h02/h9b/9530060111902.jpg,https://www.metro.ca/en/online-grocery/search-page-434
METROGO!,4-Deluxe Fruit Platter With Chocolate Fondue,765 g,"$7.99
 ea.",,$1.28 /100g,,,https://product-images.metro.ca/images/ha0/hbc/8837144281118.jpg,https://www.metro.ca/en/online-grocery/search-page-434
BIOVERT,Regular Black Outdoor Garbage Bags,30 un,"$6.49
 ea.",,$0.22 /un.,,,https://product-images.metro.ca/images/h2d/h38/9719455449118.jpg,https://www.metro.ca/en/online-grocery/search-page-434
IRRESISTIBLES,Whole Natural Almonds,1 kg,"$19.99
 ea.",,$2.00 /100g,"Regular price
$22.99  ea.","Valid until Jan 17, 2024",https://product-images.metro.ca/images/h94/hbc/9176834572318.jpg,https://www.metro.ca/en/online-grocery/search-page-434
GOGO QUINOA,White Quinoa From Canada,375 g,"$4.49
 ea.",,$1.20 /100g,"Regular price
$5.59  ea.","Valid until Jan 24, 2024",https://product-images.metro.ca/images/h5e/h3b/10932793704478.jpg,https://www.metro.ca/en/online-grocery/search-page-434
PLANTERS,Hickory Smoked Almonds,200 g,"$4.99
 ea.",,$2.50 /100g,"Regular price
$5.99  ea.","Valid until Jan 24, 2024",https://product-images.metro.ca/images/hf1/h9a/9519342288926.jpg,https://www.metro.ca/en/online-grocery/search-page-434
CEDAR,Split Green Peas,907 g,"$2.99
 ea.",,$0.33 /100g,,,https://product-images.metro.ca/images/h57/h79/9719615324190.jpg,https://www.metro.ca/en/online-grocery/search-page-434
KIND,Gluten Free Dark Chocolate Chunk Cereal Bars,5x35 g,"$4.99
 ea.",,$2.85 /100g,,,https://product-images.metro.ca/images/hee/h5f/10938869841950.jpg,https://www.metro.ca/en/online-grocery/search-page-435
SELECTION,Giant Garbage Bags,20 un,"$5.99
 ea.",,$0.30 /un.,,,https://product-images.metro.ca/images/h87/hbc/8900543217694.jpg,https://www.metro.ca/en/online-grocery/search-page-435
COLGATE,"Repair And Prevent Toothpaste, Sensitive Pro-Relief",75 mL,"$6.49
 ea.",,$8.65 /100ml,,,,https://www.metro.ca/en/online-grocery/search-page-435
ARCHIBALD,"Belgian-Style White Beer, La Joufflue",473 mL - can,"$3.99
 ea.",,$0.84 /100ml,,,,https://www.metro.ca/en/online-grocery/search-page-435
SELECTION,BBQ Ranch Dressing,475 mL,"$2.99
 ea.",,$0.63 /100ml,"Regular price
$3.69  ea.","Valid until Jan 24, 2024",https://product-images.metro.ca/images/h23/h7d/9518599372830.jpg,https://www.metro.ca/en/online-grocery/search-page-435
DION,Curry Powder,36 g,"$2.49
 ea.",,$6.92 /100g,"Regular price
$3.19  ea.","Valid until Feb 7, 2024",https://product-images.metro.ca/images/h52/hfc/10319473704990.jpg,https://www.metro.ca/en/online-grocery/search-page-435
GOGO SQUEEZ,Apple And Apple Strawberry Flavoured Fruit Sauce Pou...,12x90 g,"$11.49
 ea.",,$1.06 /100g,,,,https://www.metro.ca/en/online-grocery/search-page-435
OVALTINE,Malt Drink Mix,400 g,"$7.29
 ea.",,$1.82 /100g,,,https://product-images.metro.ca/images/hac/hbc/11477833842718.jpg,https://www.metro.ca/en/online-grocery/search-page-435
VH,Bean Sprouts,796 mL,"$3.99
 ea.",,$0.50 /100ml,"Regular price
$5.79  ea.","Valid until Jan 24, 2024",https://product-images.metro.ca/images/hc6/h0b/9518746468382.jpg,https://www.metro.ca/en/online-grocery/search-page-435
NATUR-A,Vanilla Fortified Almond Beverage,946 mL,"$3.49
 ea.",,$0.37 /100ml,,,https://product-images.metro.ca/images/h41/h6e/11627064950814.jpg,https://www.metro.ca/en/online-grocery/search-page-435
NATUR-A,Original Flavour Organic Fortified Soy Beverage,3x200 mL,"$3.29
 ea.",,$0.55 /100ml,"Regular price
$3.79  ea.","Valid until Feb 7, 2024",https://product-images.metro.ca/images/hf7/h7f/10433035108382.jpg,https://www.metro.ca/en/online-grocery/search-page-435
FREDDO,Dark Chocolate Chips,720 g,"$11.99
 ea.",,$1.67 /100g,,,https://product-images.metro.ca/images/h05/hdd/9527128948766.jpg,https://www.metro.ca/en/online-grocery/search-page-435
LA COSTEÑA,Green Mexican Sauce,455 mL,"$5.99
 ea.",,$1.32 /100ml,,,https://product-images.metro.ca/images/h6f/h07/11849330950174.jpg,https://www.metro.ca/en/online-grocery/search-page-435
HERSHEY'S,Creamy Milk Chocolate Bar With Whole Almonds,100 g,"$2.99
 ea.",,$2.99 /100g,"Regular price
$3.29  ea.","Valid until Jan 24, 2024",https://product-images.metro.ca/images/h7d/hc7/10778561413150.jpg,https://www.metro.ca/en/online-grocery/search-page-435
S SENSE,Peach And Passion Fruit Herbal Tea Bags,10 un,"$2.29
 ea.",,$0.23 /un.,"Regular price
$2.79  ea.","Valid until Feb 7, 2024",https://product-images.metro.ca/images/hbd/hd2/11994733510686.jpg,https://www.metro.ca/en/online-grocery/search-page-435
RENÉE'S GOURMET,Southwest Ranch Dressing And Dip,355 mL,"$5.99
 ea.",,$1.69 /100ml,,,https://product-images.metro.ca/images/h5e/h1d/9986765258782.jpg,https://www.metro.ca/en/online-grocery/search-page-435
ALEXIS DE PORTNEUF,L'Évanjules™ Soft Surface Ripened Cheese,125 g,"$4.99
 ea.",,$3.99 /100g,"Regular price
$6.99  ea.","Valid until Jan 17, 2024",,https://www.metro.ca/en/online-grocery/search-page-435
SELECTION,Sweetener Packets With Cyclamate,100 un,"$3.49
 ea.",,$0.03 /un.,"Regular price
$3.99  ea.","Valid until Feb 7, 2024",https://product-images.metro.ca/images/hb5/h59/9020173254686.jpg,https://www.metro.ca/en/online-grocery/search-page-435
BLUE DRAGON,Honey Teriyaki Stir Fry Sauce,140 mL,"$1.99
 ea.",,$1.42 /100ml,"Regular price
$2.39  ea.","Valid until Jan 24, 2024",https://product-images.metro.ca/images/ha4/h93/10288389390366.jpg,https://www.metro.ca/en/online-grocery/search-page-435
CLUB HOUSE,Onion Powder,116 g,"$7.29
 ea.",,$6.28 /100g,,,https://product-images.metro.ca/images/h0e/hb4/10134481960990.jpg,https://www.metro.ca/en/online-grocery/search-page-435
METROGO!,Garden Salad,,"2 / 
$9.99",,or $5.99 ea. $1.54 /100g,,"Valid until Jan 10, 2024",https://product-images.metro.ca/images/hda/hae/8837327257630.jpg,https://www.metro.ca/en/online-grocery/search-page-435
ROYAL CHINET,12 Oz Design Paper Bowls,15 un,"$2.99
 ea.",,$0.20 /un.,"Regular price
$3.69  ea.","Valid until Feb 7, 2024",https://product-images.metro.ca/images/hc0/hb3/9526211149854.jpg,https://www.metro.ca/en/online-grocery/search-page-435
WINDEX,Original Window Cleaner Refill,2 L,"$9.79
 ea.",,$0.49 /100ml,,,https://product-images.metro.ca/images/h63/hc6/10778541588510.jpg,https://www.metro.ca/en/online-grocery/search-page-435
MACKINTOSH'S,Original Creamy Toffee,45 g,"$1.59
 ea.",,$3.53 /100g,,,https://product-images.metro.ca/images/h77/h78/8820140376094.jpg,https://www.metro.ca/en/online-grocery/search-page-435
HUMPTY DUMPTY,Original Party Mix Snack,640 g,"$9.49
 ea.",,$1.48 /100g,,,https://product-images.metro.ca/images/h95/hde/9061951406110.jpg,https://www.metro.ca/en/online-grocery/search-page-435
AU QUOTIDIEN,Quebec Red Wine,1 L,"$9.79
 ea.",,$0.98 /100ml,"Regular price
$11.29  ea.","Valid until Feb 7, 2024",https://product-images.metro.ca/images/h0d/h77/10498088140830.jpg,https://www.metro.ca/en/online-grocery/search-page-435
SELECTION,Frozen Ham And Swiss Cheese Stuffed Chicken Cutlets,2x284 g,"$5.49
 ea.",,$1.93 /100g,"Regular price
$6.99  ea.","Valid until Jan 10, 2024",https://product-images.metro.ca/images/h37/hfe/10405055430686.jpg,https://www.metro.ca/en/online-grocery/search-page-435
FOOD FOR LIFE,"Frozen Sliced Sprouted Whole Grain Bread, Ezekiel 4:9",680 g,"$8.79
 ea.",,$1.29 /100g,"Regular price
$9.99  ea.","Valid until Feb 14, 2024",,https://www.metro.ca/en/online-grocery/search-page-435
KRAFT,"Peanut Butter With Sea Salt, All Natural",750 g,"$7.99
 ea.",,$1.07 /100g,"Regular price
$8.99  ea.","Valid until Feb 7, 2024",,https://www.metro.ca/en/online-grocery/search-page-435
,Strawberry Mousse Cake,150 g,"4 / 
$14.00",,or $4.99 ea. $2.33 /100g,,"Valid until Jan 17, 2024",https://product-images.metro.ca/images/he6/hd3/8912906453022.jpg,https://www.metro.ca/en/online-grocery/search-page-435
BIRRA MORETTI,Italian Lager Beer,6x330 mL - bottles,"$13.49
 ea.",,$0.68 /100ml,"Regular price
$15.49  ea.","Valid until Feb 7, 2024",https://product-images.metro.ca/images/h7e/h80/9486692843550.jpg,https://www.metro.ca/en/online-grocery/search-page-436
SENSODYNE,"Fresh Wave Toothpaste For Sensitive Teeth, Pro Namel",75 mL,"$5.99
 ea.",,$7.99 /100ml,,,,https://www.metro.ca/en/online-grocery/search-page-436
KRISPY KERNELS,Natural Almonds,225 g,"$8.49
 ea.",,$3.77 /100g,,,https://product-images.metro.ca/images/h4a/h98/9398149185566.jpg,https://www.metro.ca/en/online-grocery/search-page-436
SWIFFER,"Unscented Disposable Feather Duster Refills, Heavy D...",6 un,"$13.99
 ea.",,$2.33 /un.,,,,https://www.metro.ca/en/online-grocery/search-page-436
NATURE VALLEY,Oat Biscuits With Coconut Butter Filling,5x38 g,"2 / 
$7.00",,$1.84 /100g,"Regular price
$4.99  ea.","Valid until Feb 7, 2024",https://product-images.metro.ca/images/h46/h77/12354391474206.jpg,https://www.metro.ca/en/online-grocery/search-page-436
RITTER SPORT,Milk Chocolate With Cornflakes,100 g,"$3.49
 ea.",,$3.49 /100g,"Regular price
$4.49  ea.","Valid until Jan 24, 2024",https://product-images.metro.ca/images/h52/h12/11860683259934.jpg,https://www.metro.ca/en/online-grocery/search-page-436
FLAGRANTS DESIRS,Orange Flavoured Dark Chocolate 72% Cocoa,100 g,"$4.49
 ea.",,$4.49 /100g,,,https://product-images.metro.ca/images/h3f/h37/9532914663454.jpg,https://www.metro.ca/en/online-grocery/search-page-436
FANCY FEAST,"Chicken With Veggetables In Sauce Wet Cat Food, Medleys",85 g,"$1.49
 ea.",,$1.75 /100g,,,,https://www.metro.ca/en/online-grocery/search-page-436
IRRESISTIBLES,Frozen Pepperoni Pizza,1.08 kg,"$8.99
 ea.",,$0.83 /100g,,,https://product-images.metro.ca/images/hae/h33/11521299873822.jpg,https://www.metro.ca/en/online-grocery/search-page-436
CADBURY,"Milk Chocolate Bars, Dairy Milk",4 un,"$4.99
 ea.",,$1.25 /un.,"Regular price
$5.99  ea.","Valid until Jan 24, 2024",,https://www.metro.ca/en/online-grocery/search-page-436
OXICLEAN,Multipurpose Stain Remover Spray,636 ml,"$7.99
 ea.",,$1.26 /100ml,,,https://product-images.metro.ca/images/hc7/h28/9719470424094.jpg,https://www.metro.ca/en/online-grocery/search-page-436
BULLES DE NUIT,"Mimosa Style Alcoholic Malt Beverage, Orangina",750 mL,"$7.99
 ea.",,$1.07 /100ml,"Regular price
$9.99  ea.","Valid until Feb 7, 2024",,https://www.metro.ca/en/online-grocery/search-page-436
BUTTERBALL,Turkey Thighs With Bone,2 thighs per package,"$8.45
 avg. ea.",(640 g avg.),$13.21 /kg$5.99 /lb.,,,https://product-images.metro.ca/images/h92/h9d/9974826729502.jpg,https://www.metro.ca/en/online-grocery/search-page-436
IRRESISTIBLES,Fresh Fennel,21 g,"$2.99
 ea.",,$2.99 /un.,,,https://product-images.metro.ca/images/h50/h79/8959526797342.jpg,https://www.metro.ca/en/online-grocery/search-page-436
CASTELLO,Extra Creamy Brie Cheese,150 g,"$8.00
 ea.",,$5.33 /100g,"Regular price
$8.29  ea.","Valid until Jan 10, 2024",https://product-images.metro.ca/images/h23/h08/10433121452062.jpg,https://www.metro.ca/en/online-grocery/search-page-436
GURU,Energy Drink,250 mL,"2 / 
$5.00",,$1.00 /100ml,"Regular price
$2.79  ea.","Valid until Jan 24, 2024",https://product-images.metro.ca/images/hf9/h4b/9508177805342.jpg,https://www.metro.ca/en/online-grocery/search-page-436
IRRESISTIBLES,Frozen Raspberry Blast Cake,6 in - 650 g,"$20.99
 ea.",,$3.23 /100g,"Regular price
$22.49  ea.","Valid until Jan 17, 2024",https://product-images.metro.ca/images/he1/h25/8868023074846.jpg,https://www.metro.ca/en/online-grocery/search-page-436
,Coloured Nantes Carrots,454 g,"$3.99
 ea.",,$0.88 /100g,,,https://product-images.metro.ca/images/he9/h66/10123722850334.jpg,https://www.metro.ca/en/online-grocery/search-page-436
IRRESISTIBLES,Garlic Powder,75 g,"$4.99
 ea.",,$6.65 /100g,,,https://product-images.metro.ca/images/h0e/h74/12083925254174.jpg,https://www.metro.ca/en/online-grocery/search-page-436
SCHÖFFERHOFER,German Grapefruit Wheat Beer,500 mL - can,"2 / 
$6.00",,$0.60 /100ml,"Regular price
$3.39  ea.","Valid until Feb 7, 2024",https://product-images.metro.ca/images/h62/h0a/8947769868318.jpg,https://www.metro.ca/en/online-grocery/search-page-436
MATILDE VICENZI,"Classic Ladyfingers For Original Italian Tiramisù, V...",200 g,"$4.49
 ea.",,$2.25 /100g,,,,https://www.metro.ca/en/online-grocery/search-page-436
ST. REGIS,Dealcoholized Quebec White Wine,750 mL,"$9.99
 ea.",,$1.33 /100ml,"Regular price
$11.79  ea.","Valid until Feb 7, 2024",https://product-images.metro.ca/images/hfb/h59/9514457268254.jpg,https://www.metro.ca/en/online-grocery/search-page-436
CAPTAIN GOURMET,Frozen Seafood Shell,150 g,"$5.00
 ea.",,$3.33 /100g,,,https://product-images.metro.ca/images/hdd/h62/10547119030302.jpg,https://www.metro.ca/en/online-grocery/search-page-436
SELECTION,"Lemon-Lime Flavoured Diet Soft Drink, C-Up",12x355 mL,"$5.79
 ea.",,$0.14 /100ml,,,,https://www.metro.ca/en/online-grocery/search-page-436
PILAROS,Green Olive Stuffed With Almonds,375 mL,"$5.49
 ea.",,$1.46 /100ml,"Regular price
$6.79  ea.","Valid until Jan 24, 2024",https://product-images.metro.ca/images/h4a/h72/8844627804190.jpg,https://www.metro.ca/en/online-grocery/search-page-436
OLD SPICE,"Fresh Scented Aluminum Free Deodorant Stick, High En...",85 g,"$5.99
 ea.",,$7.05 /100g,,,,https://www.metro.ca/en/online-grocery/search-page-436
CASCADE,"Fresh Scented Dishwasher Detergent Pacs, Complete Ac...",90 un,"$24.99
 ea.",,$0.28 /un.,,,,https://www.metro.ca/en/online-grocery/search-page-436
IRRESISTIBLES,"Raw Creamed Honey, Naturalia",500 g,"$8.49
 ea.",,$1.70 /100g,,,,https://www.metro.ca/en/online-grocery/search-page-436
ALEXIS DE PORTNEUF,Petit Rubis™ Washed Rind Cheese,125 g,"$4.99
 ea.",,$3.99 /100g,"Regular price
$6.99  ea.","Valid until Jan 17, 2024",https://product-images.metro.ca/images/hea/h69/11161700696094.jpg,https://www.metro.ca/en/online-grocery/search-page-436
WERTHER'S ORIGINAL,"Caramel Hard Candies, Value Pack",245 g,"$5.49
 ea.",,$2.24 /100g,,,,https://www.metro.ca/en/online-grocery/search-page-436
FROMAGERIE CHAMPÊTRE,Semi-Soft Surface Ripened Sliced Cheese La Raclette,2x130 g,"$13.79
 ea.",,$5.30 /100g,,,https://product-images.metro.ca/images/h48/hd9/10821309235230.jpg,https://www.metro.ca/en/online-grocery/search-page-437
KIKKOMAN,Teriyaki Marinade And Sauce,296 mL,"$6.99
 ea.",,$2.36 /100ml,,,https://product-images.metro.ca/images/hf5/h86/11642915749918.jpg,https://www.metro.ca/en/online-grocery/search-page-437
PATAK'S,Tikka Masala Cooking Sauce,400 mL,"$6.29
 ea.",,$1.57 /100ml,,,https://product-images.metro.ca/images/hc9/hbf/9973594914846.jpg,https://www.metro.ca/en/online-grocery/search-page-437
CARLOS PEPITO,"Rosée Sangria Flavoured Alcoholic Malt Beverage, Bel...",473 mL,"2 / 
$7.00",,$0.74 /100ml,"Regular price
$3.59  ea.","Valid until Feb 7, 2024",,https://www.metro.ca/en/online-grocery/search-page-437
STARBUCKS,House Blend Coffee Beans,340 g,"$13.29
 ea.",,$3.91 /100g,,,https://product-images.metro.ca/images/h26/h88/10882814541854.jpg,https://www.metro.ca/en/online-grocery/search-page-437
SCRUBBING BUBBLES,Rainshower™ Scented Toilet Cleaning Gel,6 un,"$6.29
 ea.",,$1.05 /un.,,,https://product-images.metro.ca/images/hb9/h9c/10091133698078.jpg,https://www.metro.ca/en/online-grocery/search-page-437
POWERADE,"Fruit Punch Flavoured Sports Drink, XIon4",6x591 mL,"$5.99
 ea.",,$0.17 /100ml,"Regular price
$7.69  ea.","Valid until Jan 10, 2024",,https://www.metro.ca/en/online-grocery/search-page-437
FLOW,Naturally Alkaline Spring Water,500 mL,"3 / 
$5.00",,$0.33 /100ml,"Regular price
$1.99  ea.","Valid until Feb 7, 2024",https://product-images.metro.ca/images/h1a/h0f/10433108607006.jpg,https://www.metro.ca/en/online-grocery/search-page-437
FRISKIES,"Scallop Wet Cat Food, Tasty Treasures",156 g,"$1.49
 ea.",,$0.96 /100g,,,,https://www.metro.ca/en/online-grocery/search-page-437
BUSCH,Lager Beer,12x355 mL - cans,"$17.99
 ea.",,$0.42 /100ml,,,https://product-images.metro.ca/images/hda/he0/10123701485598.jpg,https://www.metro.ca/en/online-grocery/search-page-437
CLASSICO,"Fire Roasted Pizza Sauce, Di Siena",410 mL,"$5.49
 ea.",,$1.34 /100ml,,,,https://www.metro.ca/en/online-grocery/search-page-437
POWERADE,Mixed Berry Flavoured Sports Drink,6x591 mL,"$5.99
 ea.",,$0.17 /100ml,"Regular price
$7.69  ea.","Valid until Jan 10, 2024",https://product-images.metro.ca/images/hcf/h24/12174863564830.jpg,https://www.metro.ca/en/online-grocery/search-page-437
FANCY FEAST,"Wet Cat Food Variety Pack, Grilled In Gravy",12x85 g,"$12.99
 ea.",,$1.27 /100g,,,,https://www.metro.ca/en/online-grocery/search-page-437
SILK,Vanilla Flavoured Almond Plant-Based Beverage,946 mL,"$3.39
 ea.",,$0.36 /100ml,,,https://product-images.metro.ca/images/hfb/hd1/10495703613470.jpg,https://www.metro.ca/en/online-grocery/search-page-437
M'LORD,Snails,125 g,"$5.99
 ea.",,$4.79 /100g,,,https://product-images.metro.ca/images/h49/h80/11307091722270.jpg,https://www.metro.ca/en/online-grocery/search-page-437
CANTINI,Italian Red Wine,750 mL,"$11.49
 ea.",,$1.53 /100ml,,,https://product-images.metro.ca/images/hd7/h8f/9730787409950.jpg,https://www.metro.ca/en/online-grocery/search-page-437
CEDAR,Stuffed Vine Leaves,375 g,"$3.49
 ea.",,$0.93 /100g,"Regular price
$4.19  ea.","Valid until Jan 24, 2024",https://product-images.metro.ca/images/h34/hca/11590582468638.jpg,https://www.metro.ca/en/online-grocery/search-page-437
PREMIÈRE MOISSON,Tomato Sauce,700 mL,"$9.99
 ea.",,$1.43 /100ml,"Regular price
$10.99  ea.","Valid until Jan 10, 2024",https://product-images.metro.ca/images/h86/hcd/11449492602910.jpg,https://www.metro.ca/en/online-grocery/search-page-437
M&M'S,Chocolate And Peanut Butter Candies,230 g,"$5.49
 ea.",,$2.39 /100g,"Regular price
$7.29  ea.","Valid until Jan 24, 2024",https://product-images.metro.ca/images/h2e/h82/11449516556318.jpg,https://www.metro.ca/en/online-grocery/search-page-437
MARS,"Mini Milk Chocolate Candies, M&M",200 g,"$5.49
 ea.",,$2.75 /100g,"Regular price
$7.29  ea.","Valid until Jan 24, 2024",,https://www.metro.ca/en/online-grocery/search-page-437
CHOCOLATS FAVORIS,Hazelnut Praline Milk Chocolate Fondue,215 g,"$8.99
 ea.",,$4.18 /100g,,,https://product-images.metro.ca/images/he0/hb9/10333764386846.jpg,https://www.metro.ca/en/online-grocery/search-page-437
CHOCOLATS FAVORIS,Original Milk Chocolate Drops,250 g,"$5.99
 ea.",,$2.40 /100g,,,https://product-images.metro.ca/images/h0a/h43/10509580533790.jpg,https://www.metro.ca/en/online-grocery/search-page-437
TREMBLAY,Blonde Lager Beer,15x341 mL,"$19.99
 ea.",,$0.39 /100ml,,,https://product-images.metro.ca/images/ha0/h62/8811848794142.jpg,https://www.metro.ca/en/online-grocery/search-page-437
CAT'S PRIDE,"Unscented Multi-Cat Scoopable Litter, Fresh & Light",4.54 kg,"$13.99
 ea.",,$0.31 /100g,"Regular price
$15.49  ea.","Valid until Jan 24, 2024",,https://www.metro.ca/en/online-grocery/search-page-437
VAN HOUTTE,"Vanilla And Hazelnut Ground Coffee, Flavoured Collec...",340 g,"$9.99
 ea.",,$2.94 /100g,"Regular price
$10.99  ea.","Valid until Feb 7, 2024",,https://www.metro.ca/en/online-grocery/search-page-437
,Passion Fruit,Sold individually,"$1.99
 ea.",,$1.99 /un.,,,https://product-images.metro.ca/images/heb/hfa/8874248667166.jpg,https://www.metro.ca/en/online-grocery/search-page-437
SELECTION,Sparkling Water,12x355 mL,"$5.99
 ea.",,$0.14 /100ml,,,https://product-images.metro.ca/images/h73/h53/9906522128414.jpg,https://www.metro.ca/en/online-grocery/search-page-437
,Habanero Peppers,40 g,"$3.99
 ea.",,$9.98 /100g,,,https://product-images.metro.ca/images/h24/h4a/8889267814430.jpg,https://www.metro.ca/en/online-grocery/search-page-437
PABST BLUE RIBBON,Strong Lager Beer,12x355 mL - cans,"$17.99
 ea.",,$0.42 /100ml,,,https://product-images.metro.ca/images/h49/h55/10101045657630.jpg,https://www.metro.ca/en/online-grocery/search-page-437
VIM,Bathroom Cleaning Spray,950 mL,"$4.79
 ea.",,$0.50 /100ml,,,https://product-images.metro.ca/images/ha2/h1d/11857603526686.jpg,https://www.metro.ca/en/online-grocery/search-page-437
HEINEKEN,Dutch Lager Beer,24x330 mL - bottles,"$41.99
 ea.",,$0.53 /100ml,,,https://product-images.metro.ca/images/h0e/hd2/11513921765406.jpg,https://www.metro.ca/en/online-grocery/search-page-438
HUGGIES,"Unscented Baby Wipes Flip-Top Pack, Simply Clean",64 un,"$4.79
 ea.",,$0.07 /un.,,,,https://www.metro.ca/en/online-grocery/search-page-438
CHAMPIGNONS SAUVAGES,Shiitake Mushrooms,14 g,"$4.99
 ea.",,$35.64 /100g,,,https://www.metro.ca/images/shared/placeholders/icon-no-picture.svg?v=2023.71.1.d1,https://www.metro.ca/en/online-grocery/search-page-438
METROGO!,Chicken Pot Pie,625 g,"$9.99
 ea.",,$1.60 /100g,"Regular price
$10.49  ea.","Valid until Jan 17, 2024",https://product-images.metro.ca/images/h40/h19/11926714023966.jpg,https://www.metro.ca/en/online-grocery/search-page-438
LIQUID-PLUMR,"Gel Drain Cleaner, Urgent Clear",502 ml,"$7.99
 ea.",,$1.59 /100ml,,,,https://www.metro.ca/en/online-grocery/search-page-438
BRISK,Lemon Flavoured Iced Tea,1 L,"$2.19
 ea.",,$0.22 /100ml,,,https://product-images.metro.ca/images/hb6/ha4/12210121998366.jpg,https://www.metro.ca/en/online-grocery/search-page-438
NOREL,Poultry And Pork Cretonnade,300 g,"$6.99
 ea.",,$2.33 /100g,,,https://product-images.metro.ca/images/h29/hc2/10250208018462.jpg,https://www.metro.ca/en/online-grocery/search-page-438
LE MIEL D'ÉMILIE,White Liquid Clover Honey,375 g,"$7.49
 ea.",,$2.00 /100g,,,https://product-images.metro.ca/images/h71/hb1/10309190811678.jpg,https://www.metro.ca/en/online-grocery/search-page-438
NESCAFÉ,"Vanilla Coffee Mix, Gold",8x18.5 g,"$7.29
 ea.",,$4.93 /100g,,,,https://www.metro.ca/en/online-grocery/search-page-438
NOBLE BEAN,Organic Fresh Frozen Living Tempeh,240 g,"$5.49
 ea.",,$2.29 /100g,,,https://product-images.metro.ca/images/h34/h08/10009375244318.jpg,https://www.metro.ca/en/online-grocery/search-page-438
CLOVER LEAF,"Tuna Snack With Crackers, Tuna Snacks",90 g,"$2.69
 ea.",,$2.99 /100g,,,,https://www.metro.ca/en/online-grocery/search-page-438
S SENSE,Apple And Raspberry Herbal Tea Bags,10 un,"$2.29
 ea.",,$0.23 /un.,"Regular price
$2.79  ea.","Valid until Feb 7, 2024",https://product-images.metro.ca/images/h18/h41/12263415906334.jpg,https://www.metro.ca/en/online-grocery/search-page-438
SELECTION,Extra Creamy Peanut Butter,1 kg,"$5.99
 ea.",,$0.60 /100g,,,https://product-images.metro.ca/images/h7a/hf0/9518979219486.jpg,https://www.metro.ca/en/online-grocery/search-page-438
SELECTION,Macaroni And Cheddar Cheese Dinner,225 g,"$0.99
 ea.",,$0.44 /100g,"Regular price
$1.59  ea.","Valid until Jan 24, 2024",https://product-images.metro.ca/images/h6d/h63/10308021452830.jpg,https://www.metro.ca/en/online-grocery/search-page-438
CLUB HOUSE,"Beef Stew Seasoning Mix, Slow Cookers",42 g,"2 / 
$3.00",,$3.57 /100g,"Regular price
$2.29  ea.","Valid until Jan 24, 2024",,https://www.metro.ca/en/online-grocery/search-page-438
FROMAGERIE FRITZ KAISER,Le Sœur Angèle Soft Surface Ripened Cheese,180 g,"$7.99
 ea.",,$4.44 /100g,,,https://product-images.metro.ca/images/h11/h4c/8975789850654.jpg,https://www.metro.ca/en/online-grocery/search-page-438
SS-FRUTAS IMPORTS,Salted Crunchy Plantain Crisps,85 g,"$2.49
 ea.",,$2.93 /100g,,,https://product-images.metro.ca/images/h52/hac/9973608382494.jpg,https://www.metro.ca/en/online-grocery/search-page-438
PILAROS,Green Olives Stuffed With Red Pepper,1 L,"$10.49
 ea.",,$1.05 /100ml,"Regular price
$11.99  ea.","Valid until Jan 24, 2024",https://product-images.metro.ca/images/hac/hc7/11665328177182.jpg,https://www.metro.ca/en/online-grocery/search-page-438
KRISPY KERNELS,Dried Fruit & Nut Energy Mix,225 g,"$5.49
 ea.",,$2.44 /100g,,,https://product-images.metro.ca/images/h15/hcf/11198090608670.jpg,https://www.metro.ca/en/online-grocery/search-page-438
HEIDI,"Milk Chocolate Bar With Hazelnuts, Grand'Or",100 g,"$3.49
 ea.",,$3.49 /un.,"Regular price
$4.49  ea.","Valid until Jan 24, 2024",,https://www.metro.ca/en/online-grocery/search-page-438
COCA-COLA,"Caffeine Free Soft Drink, Diet Coke",12x355 mL,"$6.98
 ea.",,$0.16 /100ml,"Regular price
$7.99  ea.","Valid until Jan 10, 2024",,https://www.metro.ca/en/online-grocery/search-page-438
VILLA RAVIOLI,Frozen 3 Cheese Ravioli,700 g,"$8.49
 ea.",,$1.21 /100g,,,https://product-images.metro.ca/images/ha7/h52/11461711396894.jpg,https://www.metro.ca/en/online-grocery/search-page-438
DALTONS,Mixed Glace Cherries,225 g,"$5.99
 ea.",,$2.66 /100g,,,https://product-images.metro.ca/images/hb0/hf7/11937068548126.jpg,https://www.metro.ca/en/online-grocery/search-page-438
FRESH GOURMET,Classic Caesar Croutons,142 g,"$3.99
 ea.",,$2.81 /100g,,,https://product-images.metro.ca/images/h8a/h73/11257089327134.jpg,https://www.metro.ca/en/online-grocery/search-page-438
ROBIN HOOD,Gluten Free All-Purpose Flour Blend,907 g,"$7.99
 ea.",,$0.88 /100g,"Regular price
$8.99  ea.","Valid until Feb 7, 2024",https://product-images.metro.ca/images/h29/h90/11614485184542.jpg,https://www.metro.ca/en/online-grocery/search-page-438
UNISOYA,Extra Firm Ginger Tofu,300 g,"$3.99
 ea.",,$1.33 /100g,,,https://product-images.metro.ca/images/h86/hd6/10946116288542.jpg,https://www.metro.ca/en/online-grocery/search-page-438
SIMPLY,Lemonade,1.54 L,"$5.89
 ea.",,$0.38 /100ml,,,https://product-images.metro.ca/images/h65/had/11693780369438.jpg,https://www.metro.ca/en/online-grocery/search-page-438
CEDAR,Chick Peas,907 g,"$3.49
 ea.",,$0.38 /100g,,,https://product-images.metro.ca/images/h07/hf1/11590624182302.jpg,https://www.metro.ca/en/online-grocery/search-page-438
DIET COKE,Diet Soft Drink,6x710 mL,"$6.99
 ea.",,$0.16 /100ml,,,https://product-images.metro.ca/images/h62/hf3/12018720374814.jpg,https://www.metro.ca/en/online-grocery/search-page-438
IRRESISTIBLES,Pumpkin Seeds,300 g,"$6.99
 ea.",,$2.33 /100g,,,https://product-images.metro.ca/images/h20/h51/9062694125598.jpg,https://www.metro.ca/en/online-grocery/search-page-438
RIVIERA,Mango And Passion Fruit Flavoured Vegan Yogurt,500 g,"$6.79
 ea.",,$1.36 /100g,,,https://product-images.metro.ca/images/h1e/h9b/11570858033182.jpg,https://www.metro.ca/en/online-grocery/search-page-439
LAURA SECORD,Dark Chocolate 70% Cocoa Bar,100 g,"$3.79
 ea.",,$3.79 /100g,,,https://product-images.metro.ca/images/h3d/hd0/11257083625502.jpg,https://www.metro.ca/en/online-grocery/search-page-439
RIVIERA,Raspberry And Blackcurrant Flavoured Vegan Yogurt,500 g,"$6.79
 ea.",,$1.36 /100g,,,https://product-images.metro.ca/images/h05/h0b/11570856263710.jpg,https://www.metro.ca/en/online-grocery/search-page-439
CAKE MATE,Striped Spiral Candles,24 un,"$2.19
 ea.",,$0.09 /un.,,,https://product-images.metro.ca/images/haf/h5c/10455877255198.jpg,https://www.metro.ca/en/online-grocery/search-page-439
NIVEA,"Cool Kick™ Body, Face And Hair Shower Gel, Men",500 mL,"$6.99
 ea.",,$1.40 /100ml,,,,https://www.metro.ca/en/online-grocery/search-page-439
GOLDEN DRAGON,Thick Teriyaki All Purpose Sauce,455 mL,"$5.29
 ea.",,$1.16 /100ml,,,https://product-images.metro.ca/images/hed/hbf/11281565581342.jpg,https://www.metro.ca/en/online-grocery/search-page-439
PAYSAN,Veal Cretonnade,150 g,"$5.99
 ea.",,$3.99 /100g,,,https://product-images.metro.ca/images/hc6/h69/11461718769694.jpg,https://www.metro.ca/en/online-grocery/search-page-439
PRINGLES,"Original Chips, Grab & Go",37 g,"$1.49
 ea.",,$4.03 /100g,,,,https://www.metro.ca/en/online-grocery/search-page-439
RITTER SPORT,Milk Chocolate With Praliné,100 g,"$3.49
 ea.",,$3.49 /100g,"Regular price
$4.49  ea.","Valid until Jan 24, 2024",https://product-images.metro.ca/images/hb8/h07/11860654948382.jpg,https://www.metro.ca/en/online-grocery/search-page-439
SELECTION,Cherry Pie Filling,540 mL,"$5.79
 ea.",,$1.07 /100ml,,,https://product-images.metro.ca/images/hbd/h30/9883032748062.jpg,https://www.metro.ca/en/online-grocery/search-page-439
METROGO!,Fruit Ketchup,475 mL,"$5.99
 ea.",,$1.26 /100ml,"Regular price
$6.29  ea.","Valid until Jan 17, 2024",https://product-images.metro.ca/images/h03/h81/11979611766814.jpg,https://www.metro.ca/en/online-grocery/search-page-439
SELECTION,Pitted Green Olives,398 mL,"$3.19
 ea.",,$0.80 /100ml,,,https://product-images.metro.ca/images/hc9/h3e/8930488942622.jpg,https://www.metro.ca/en/online-grocery/search-page-439
GRAND PRÉ,2% Uht Milk,3x200 mL,"$4.19
 ea.",,$0.70 /100ml,,,https://product-images.metro.ca/images/h3d/hf7/9220932632606.jpg,https://www.metro.ca/en/online-grocery/search-page-439
TWININGS,"Chamomile, Honey And Vanilla Herbal Tea Bags",20 un,"$5.79
 ea.",,$0.29 /un.,,,https://product-images.metro.ca/images/he4/hcd/11675975942174.jpg,https://www.metro.ca/en/online-grocery/search-page-439
WHISKAS,"Beef Flavoured Adult Cat Food, Beef Selections",2 kg,"$10.49
 ea.",,$0.52 /100g,"Regular price
$11.49  ea.","Valid until Jan 24, 2024",,https://www.metro.ca/en/online-grocery/search-page-439
PASTENE,Fired Roasted Diced Tomatoes,398 mL,"$3.49
 ea.",,$0.88 /100ml,,,https://product-images.metro.ca/images/h9f/hf5/11157674459166.jpg,https://www.metro.ca/en/online-grocery/search-page-439
BOB'S RED MILL,Gluten Free Coconut Flour,453 g,"$8.49
 ea.",,$1.87 /100g,,,https://product-images.metro.ca/images/h45/hd6/10509586923550.jpg,https://www.metro.ca/en/online-grocery/search-page-439
SELECTION,Spicy Thaï Chili Flaked Light Tuna,85 g,"$1.39
 ea.",,$1.64 /100g,"Regular price
$1.99  ea.","Valid until Jan 24, 2024",https://product-images.metro.ca/images/h5e/he4/9518816624670.jpg,https://www.metro.ca/en/online-grocery/search-page-439
COMMENSAL,Thai Delight On Basmati Rice,260 g,"$4.49
 ea.",,$1.73 /100g,"Regular price
$4.69  ea.","Valid until Feb 14, 2024",https://product-images.metro.ca/images/h3a/hc7/10413167378462.jpg,https://www.metro.ca/en/online-grocery/search-page-439
DR. OETKER,"Frozen Rising Crust Canadian Pizza, Giuseppe",740 g,"$9.39
 ea.",,$1.27 /100g,,,,https://www.metro.ca/en/online-grocery/search-page-439
RED BULL,Energy Drink,473 mL,"2 / 
$8.50",,$0.90 /100ml,"Regular price
$5.49  ea.","Valid until Jan 24, 2024",https://product-images.metro.ca/images/hda/h17/10144892846110.jpg,https://www.metro.ca/en/online-grocery/search-page-439
OCEAN SPRAY,Cranberry Juice,3 L,"$8.49
 ea.",,$0.28 /100ml,,,https://product-images.metro.ca/images/he0/h54/10794067001374.jpg,https://www.metro.ca/en/online-grocery/search-page-439
SAN PELLEGRINO,Carbonated Natural Mineral Water,6x500 mL,"$9.49
 ea.",,$0.32 /100ml,,,https://product-images.metro.ca/images/h27/h8f/10503172980766.jpg,https://www.metro.ca/en/online-grocery/search-page-439
FOLGERS,"Lively Colombian K-Cup® Coffee Pods, Gourmet Selections",30 un,"$18.99
 ea.",,$0.63 /un.,"Regular price
$19.99  ea.","Valid until Feb 7, 2024",,https://www.metro.ca/en/online-grocery/search-page-439
,Parsnips,1 lb,"$4.99
 ea.",,$1.10 /100g,,,https://product-images.metro.ca/images/h59/h91/8893684154398.jpg,https://www.metro.ca/en/online-grocery/search-page-439
SPARKLING ICE,Orange And Mango Flavoured Sparkling Beverage,503 mL,"2 / 
$3.50",,$0.35 /100ml,"Regular price
$2.19  ea.","Valid until Feb 7, 2024",https://product-images.metro.ca/images/h4d/h8c/11709555081246.jpg,https://www.metro.ca/en/online-grocery/search-page-439
PRANA,Black Ground Chia,200 g,"$8.29
 ea.",,$4.15 /100g,,,https://product-images.metro.ca/images/h34/h71/10547097108510.jpg,https://www.metro.ca/en/online-grocery/search-page-439
SECRET,Baby Powder Scented Antiperspirant And Deodorant Sti...,45 g,"$5.29
 ea.",,$11.76 /100g,,,,https://www.metro.ca/en/online-grocery/search-page-439
BENNETT'S,Prune Nectar,4x300 mL,"$7.99
 ea.",,$0.67 /100ml,,,https://product-images.metro.ca/images/h93/hb7/9711189557278.jpg,https://www.metro.ca/en/online-grocery/search-page-439
SELECTION,Summer Fresh Scented Fabric Softener Sheets,80 sheets,"$3.49
 ea.",,$0.04 /un.,"Regular price
$4.29  ea.","Valid until Feb 7, 2024",https://product-images.metro.ca/images/hdc/h72/11521007190046.jpg,https://www.metro.ca/en/online-grocery/search-page-439
IÖGO,1.5% Peach Flavoured Yogurt,2 kg,"$8.99
 ea.",,$0.45 /100g,,,https://product-images.metro.ca/images/ha2/hcb/11161705807902.jpg,https://www.metro.ca/en/online-grocery/search-page-440
SPRITE,Soft Drink,6x710 mL,"$6.99
 ea.",,$0.16 /100ml,,,https://product-images.metro.ca/images/hb7/h40/12018721849374.jpg,https://www.metro.ca/en/online-grocery/search-page-440
PEPSI,Caffeine Free Diet Soft Drink,2 L,"2 / 
$6.00",,$0.15 /100ml,"Regular price
$3.49  ea.","Valid until Jan 24, 2024",https://product-images.metro.ca/images/h3c/he0/12354340257822.jpg,https://www.metro.ca/en/online-grocery/search-page-440
,"Pork Side Ribs, Value Pack",2 racks per tray,"$22.00
 avg. ea.","(2,000 g avg.)",$11.00 /kg$4.99 /lb.,"Regular price
$13.21  avg. kg","Valid until Jan 10, 2024",https://product-images.metro.ca/images/hbe/hcf/9233849286686.jpg,https://www.metro.ca/en/online-grocery/search-page-440
GRISSOL,"Bruschetta Bite-Sized Baked Bread Snacks, Baguettes",130 g,"$1.99
 ea.",,$1.53 /100g,"Regular price
$4.29  ea.","Valid until Jan 10, 2024",,https://www.metro.ca/en/online-grocery/search-page-440
AGGA COFFEE,Fortissimo Nespresso® Coffee Pods,10 un,"$6.99
 ea.",,$0.70 /un.,,,https://product-images.metro.ca/images/h85/h70/12050738970654.jpg,https://www.metro.ca/en/online-grocery/search-page-440
LOACKER,Milk Chocolate Cookies With Coconut Cream,100 g,"$4.49
 ea.",,$4.49 /100g,"Regular price
$4.99  ea.","Valid until Jan 24, 2024",https://product-images.metro.ca/images/h4c/h0d/10286969061406.jpg,https://www.metro.ca/en/online-grocery/search-page-440
ST-HUBERT,Frozen Meat Pies,2x235 g,"$8.99
 ea.",,$1.91 /100g,"Regular price
$9.99  ea.","Valid until Jan 10, 2024",https://product-images.metro.ca/images/hfa/h62/11849392979998.jpg,https://www.metro.ca/en/online-grocery/search-page-440
MOLSON,"Ale Beer, Export",12x355 mL - cans,"$21.99
 ea.",,$0.52 /100ml,,,,https://www.metro.ca/en/online-grocery/search-page-440
SPARKLING ICE,Black Raspberry Flavoured Sparkling Beverage,503 mL,"2 / 
$3.50",,$0.35 /100ml,"Regular price
$2.19  ea.","Valid until Feb 7, 2024",https://product-images.metro.ca/images/h97/h43/11709554982942.jpg,https://www.metro.ca/en/online-grocery/search-page-440
CREST,"Sensitive And Enamel Shield Toothpaste, Pro-Health",130 mL,"$6.29
 ea.",,$4.84 /100ml,,,,https://www.metro.ca/en/online-grocery/search-page-440
,Organic Cauliflower,Sold individually,"$5.99
 ea.",,$5.99 /un.,"Regular price
$6.29  ea.","Valid until Jan 10, 2024",https://product-images.metro.ca/images/hb3/h0a/9222191480862.jpg,https://www.metro.ca/en/online-grocery/search-page-440
BOULANGERIE AUGER,Homemade Whole Wheat Sliced Bread,675 g,"$4.99
 ea.",,$0.74 /100g,,,https://product-images.metro.ca/images/h96/ha9/8860194406430.jpg,https://www.metro.ca/en/online-grocery/search-page-440
PATAK'S,Light Butter Chicken Cooking Sauce,400 mL,"$6.29
 ea.",,$1.57 /100ml,,,https://product-images.metro.ca/images/h1c/h8a/9973592588318.jpg,https://www.metro.ca/en/online-grocery/search-page-440
BIOVERT,Fresh Cotton Scented Liquid Laundry Detergent,32 loads-1.4 L,"$6.49
 ea.",,$0.20 /load,"Regular price
$7.99  ea.","Valid until Feb 7, 2024",https://product-images.metro.ca/images/h87/h19/9836158910494.jpg,https://www.metro.ca/en/online-grocery/search-page-440
THAI KITCHEN,Authentic Yellow Curry Paste,112 g,"$6.29
 ea.",,$5.62 /100g,,,https://product-images.metro.ca/images/hc4/h49/10170567032862.jpg,https://www.metro.ca/en/online-grocery/search-page-440
RESTO PIZZ,Frozen All Dressed Pizza,2x600 g,"$9.99
 ea.",,$1.67 /100g,,,https://product-images.metro.ca/images/h31/h00/11412560478238.jpg,https://www.metro.ca/en/online-grocery/search-page-440
OVALTINE,Chocolate Flavoured Malt Drink Mix,400 g,"$7.29
 ea.",,$1.82 /100g,,,https://product-images.metro.ca/images/h49/h36/11477830139934.jpg,https://www.metro.ca/en/online-grocery/search-page-440
PRANA,"Probiotics Black Chia Seeds, ProactivChia",284 g,"$8.29
 ea.",,$2.92 /100g,,,,https://www.metro.ca/en/online-grocery/search-page-440
OASIS,"Cocktail Veggie Juice, 10 Vegetables",8x200 mL,"$3.99
 ea.",,$0.25 /100ml,"Regular price
$5.99  ea.","Valid until Jan 24, 2024",,https://www.metro.ca/en/online-grocery/search-page-440
CEDAR,Long Grain Rice Patna,907 g,"$2.79
 ea.",,$0.31 /100g,"Regular price
$3.49  ea.","Valid until Jan 24, 2024",https://product-images.metro.ca/images/hc7/hd9/8855990501406.jpg,https://www.metro.ca/en/online-grocery/search-page-440
LA TORTILLA FACTORY,Gluten And Wheat Free Gourmet Wraps,396 g,"$9.49
 ea.",,$2.40 /100g,,,https://product-images.metro.ca/images/hf3/ha4/10734442250270.jpg,https://www.metro.ca/en/online-grocery/search-page-440
ANGIE'S,Sea Salt Flavoured Popcorn,136 g,"$5.49
 ea.",,$3.87 /100g,,,https://product-images.metro.ca/images/h16/h23/11937100333086.jpg,https://www.metro.ca/en/online-grocery/search-page-440
BECEL,Original Margarine,1.7 kg,"$16.29
 ea.",,$0.96 /100g,,,https://product-images.metro.ca/images/hbc/hb4/10529525628958.jpg,https://www.metro.ca/en/online-grocery/search-page-440
IRRESISTIBLES,Ground Turmeric,65 g,"$3.49
 ea.",,$5.37 /100g,,,https://product-images.metro.ca/images/hfb/h72/12083923419166.jpg,https://www.metro.ca/en/online-grocery/search-page-440
KIND,Gluten Free Oats And Honey Cereal Bars,5x35 g,"$4.99
 ea.",,$2.85 /100g,,,https://product-images.metro.ca/images/h38/h73/10938867843102.jpg,https://www.metro.ca/en/online-grocery/search-page-440
ARTE NOVA,Australian Red Wine,1 L,"$12.99
 ea.",,$1.30 /100ml,,,https://product-images.metro.ca/images/h09/haa/11351643127838.jpg,https://www.metro.ca/en/online-grocery/search-page-440
CHOCOLATS FAVORIS,Original Dark Chocolate Drops,250 g,"$5.99
 ea.",,$2.40 /100g,,,https://product-images.metro.ca/images/h1a/h9f/10509583515678.jpg,https://www.metro.ca/en/online-grocery/search-page-440
METROGO!,"Quinoa, Kale And Herb Chicken Salad",365 g,"$9.99
 ea.",,$2.74 /100g,,,https://product-images.metro.ca/images/hf4/h4c/8868851187742.jpg,https://www.metro.ca/en/online-grocery/search-page-440
JULES DESTROOPER,Almond Thins,100 g,"$5.99
 ea.",,$5.99 /100g,,,https://product-images.metro.ca/images/hf6/h12/9533050421278.jpg,https://www.metro.ca/en/online-grocery/search-page-440
COUNTRY HARVEST,No Sugar Added Whole Grain White Sliced Bread,600 g,"$5.49
 ea.",,$0.92 /100g,,,https://product-images.metro.ca/images/hcb/hb7/9559107010590.jpg,https://www.metro.ca/en/online-grocery/search-page-441
LITEHOUSE,Freeze-Dried Chives,7 g,"$5.99
 ea.",,$85.57 /100g,"Regular price
$6.99  ea.","Valid until Jan 10, 2024",https://product-images.metro.ca/images/h39/h27/11243913576478.jpg,https://www.metro.ca/en/online-grocery/search-page-441
SELECTION,Wild Bird Seed Mix,12 kg,"$19.99
 ea.",,$0.17 /100g,,,https://product-images.metro.ca/images/h9d/h76/8831399690270.jpg,https://www.metro.ca/en/online-grocery/search-page-441
FORTIN,Julienne Soup Mix,600 g,"$5.99
 ea.",,$1.00 /100g,,,https://product-images.metro.ca/images/h4f/h50/9527135535134.jpg,https://www.metro.ca/en/online-grocery/search-page-441
UDI'S,Frozen Gluten Free White Bread,340 g,"$8.99
 ea.",,$2.64 /100g,,,https://product-images.metro.ca/images/hd8/hf5/11432650604574.jpg,https://www.metro.ca/en/online-grocery/search-page-441
CEDAR,Brown Natural Rice,907 g,"$3.79
 ea.",,$0.42 /100g,,,https://product-images.metro.ca/images/hfd/hcb/8896335085598.jpg,https://www.metro.ca/en/online-grocery/search-page-441
AMY'S,Broccoli & Cheddar Bake,269 g,"$7.99
 ea.",,$2.97 /100g,,,https://product-images.metro.ca/images/h25/h26/11243904237598.jpg,https://www.metro.ca/en/online-grocery/search-page-441
LECLERC,"Chocolate & Coconut Flavoured Indulgent Squares, Cho...",192 g,"$1.77
 ea.",,$0.92 /100g,"Regular price
$3.79  ea.","Valid until Jan 10, 2024",,https://www.metro.ca/en/online-grocery/search-page-441
HUNT'S,"Spicy Red Pepper And Chilies Pasta Sauce, Thick & Rich",680 mL,"$3.49
 ea.",,$0.51 /100ml,,,,https://www.metro.ca/en/online-grocery/search-page-441
,Mint In A Pot,1 un,"$5.99
 ea.",,$5.99 /un.,,,https://product-images.metro.ca/images/h06/h0f/9916410789918.jpg,https://www.metro.ca/en/online-grocery/search-page-441
TRUDEAU,Fresh Herb And Garlic Pesto,142 g,"$5.99
 ea.",,$4.22 /100g,,,https://product-images.metro.ca/images/hda/h19/11461722996766.jpg,https://www.metro.ca/en/online-grocery/search-page-441
STARBUCKS,Dark Espresso Roast Ground Coffee,340 g,"$13.29
 ea.",,$3.91 /100g,,,https://product-images.metro.ca/images/ha6/hf5/12266504814622.jpg,https://www.metro.ca/en/online-grocery/search-page-441
TWININGS,Lemon Green Tea,20 un,"$5.79
 ea.",,$0.29 /un.,,,https://product-images.metro.ca/images/h8c/he8/11665359274014.jpg,https://www.metro.ca/en/online-grocery/search-page-441
S SENSE,Linden & Lemon Herbal Tea Bags,10 un,"$2.29
 ea.",,$0.23 /un.,"Regular price
$2.79  ea.","Valid until Feb 7, 2024",https://product-images.metro.ca/images/he4/hf1/9760701415454.jpg,https://www.metro.ca/en/online-grocery/search-page-441
AURORA,"Hot Sliced Peppers In Oil, Peperoni Piccanti",375 mL,"$5.49
 ea.",,$1.46 /100ml,"Regular price
$6.29  ea.","Valid until Jan 24, 2024",,https://www.metro.ca/en/online-grocery/search-page-441
WINDEX,Multi-Surface Cleaner With Vinegar,765 ml,"$5.99
 ea.",,$0.78 /100ml,"Regular price
$6.49  ea.","Valid until Feb 7, 2024",https://product-images.metro.ca/images/h3e/h5e/11642893664286.jpg,https://www.metro.ca/en/online-grocery/search-page-441
JAMIESON,Orange Flavoured Vitamin D3,100x1000iu - tablets,"$8.99
 ea.",,$0.09 /un.,,,https://product-images.metro.ca/images/h54/hd6/11574169403422.jpg,https://www.metro.ca/en/online-grocery/search-page-441
ARCHIBALD,"Strong IPA Beer, La Ciboire",473 mL - can,"$3.99
 ea.",,$0.84 /100ml,,,,https://www.metro.ca/en/online-grocery/search-page-441
ALEXIS DE PORTNEUF,"Pepper Soft Unripened Goat Cheese, Capriny",100 g,"$6.29
 ea.",,$6.29 /100g,,,,https://www.metro.ca/en/online-grocery/search-page-441
TEMPTATIONS,"Chicken Flavoured Indoor Cat Treats, Mega-Pack",130 g,"$3.79
 ea.",,$2.92 /100g,"Regular price
$4.99  ea.","Valid until Jan 24, 2024",,https://www.metro.ca/en/online-grocery/search-page-441
CLUB HOUSE,"Lemon And Herbs Seasoning, Signature Blends",134 g,"$6.49
 ea.",,$4.84 /100g,,,,https://www.metro.ca/en/online-grocery/search-page-441
VOORTMAN,Vanilla Wafer Cookies With No Added Sugar,250 g,"$3.99
 ea.",,$1.60 /100g,,,https://product-images.metro.ca/images/hc5/h08/10250240196638.jpg,https://www.metro.ca/en/online-grocery/search-page-441
CANTON,Sesame-Ginger Broth For Fondue And Cooking,1.1 L,"$4.99
 ea.",,$0.45 /100ml,"Regular price
$5.79  ea.","Valid until Jan 24, 2024",https://product-images.metro.ca/images/h56/h45/11087918628894.jpg,https://www.metro.ca/en/online-grocery/search-page-441
LE RUSTIQUE,Le Rustique Camembert Cheese,250 g,"$11.49
 ea.",,$4.60 /100g,"Regular price
$12.29  ea.","Valid until Jan 17, 2024",https://product-images.metro.ca/images/had/hf5/11735080501278.jpg,https://www.metro.ca/en/online-grocery/search-page-441
PUREX,After The Rain Liquid Laundry Detergent Value Pack,96 loads-4.43 L,"$19.99
 ea.",,$0.21 /load,,,https://product-images.metro.ca/images/h07/hd9/12018711134238.jpg,https://www.metro.ca/en/online-grocery/search-page-441
CLOVER LEAF,Wild Red Pacific Sockeye Salmon,106 g,"$4.99
 ea.",,$4.71 /100g,,,https://product-images.metro.ca/images/hf7/h5f/11401300377630.jpg,https://www.metro.ca/en/online-grocery/search-page-441
CIDRERIE BEAUPRÉ,"Strawberry Flavoured Sparkling Cider, Rosé",473 mL,"2 / 
$7.00",,$0.74 /100ml,"Regular price
$3.79  ea.","Valid until Feb 7, 2024",,https://www.metro.ca/en/online-grocery/search-page-441
AMY'S,"Ready To Serve Lentil Vegetable Soup, Organic Soups",398 mL,"$5.99
 ea.",,$1.51 /100ml,,,,https://www.metro.ca/en/online-grocery/search-page-441
LOACKER,Fine Dark Chocolate Biscuits With Chocolate-Orange C...,100 g,"$4.49
 ea.",,$4.49 /100g,"Regular price
$4.99  ea.","Valid until Jan 24, 2024",,https://www.metro.ca/en/online-grocery/search-page-441
MAISON ORPHÉE,Maple And Dijon Dressing,250 mL,"$5.29
 ea.",,$2.12 /100ml,,,https://product-images.metro.ca/images/h99/h66/11849336684574.jpg,https://www.metro.ca/en/online-grocery/search-page-441
UNICO,Jumbo Olives,750 mL,"$5.29
 ea.",,$0.71 /100ml,"Regular price
$6.29  ea.","Valid until Jan 24, 2024",https://product-images.metro.ca/images/hb4/hd8/12263412367390.jpg,https://www.metro.ca/en/online-grocery/search-page-442
IRRESISTIBLES,Frozen Double Chocolate Mousse Cake,4 in - 300 g,"$12.49
 ea.",,$4.16 /100g,,"Valid until Jan 17, 2024",https://product-images.metro.ca/images/h0b/hb6/8859991506974.jpg,https://www.metro.ca/en/online-grocery/search-page-442
DOVE,"Comforting Body Wash, Men+Care",400 mL,"$6.49
 ea.",,$1.62 /100ml,,,,https://www.metro.ca/en/online-grocery/search-page-442
LEFFE,Strong Belgian Brown Beer,6x330 mL - bottles,"3 / 
$35.97",,or $14.49 ea. $0.61 /100ml,"Regular price
$15.49  ea.","Valid until Feb 7, 2024",https://product-images.metro.ca/images/ha0/h40/10123719933982.jpg,https://www.metro.ca/en/online-grocery/search-page-442
GLAD,Fresh Clean Scented Small White Garbage Bags,100 un,"$13.49
 ea.",,$0.13 /un.,,,https://product-images.metro.ca/images/h19/h21/11816781971486.jpg,https://www.metro.ca/en/online-grocery/search-page-442
PREMIÈRE MOISSON,Fruity Freshness Cake,76 g,"$4.49
 ea.",,$5.91 /100g,,,https://product-images.metro.ca/images/h7f/heb/8912934895646.jpg,https://www.metro.ca/en/online-grocery/search-page-442
NATURE'S PATH,Organic Hot Orignal Oatmeal Packets Without Added Sugar,8x50 g,"$5.49
 ea.",,$1.37 /100g,"Regular price
$6.49  ea.","Valid until Feb 7, 2024",https://product-images.metro.ca/images/h7c/h46/9518778056734.jpg,https://www.metro.ca/en/online-grocery/search-page-442
,Curly Parsley In A Pot,1 un,"$5.99
 ea.",,$5.99 /un.,,,https://product-images.metro.ca/images/ha6/h92/11511585275934.jpg,https://www.metro.ca/en/online-grocery/search-page-442
LACTANTIA,Lactose Free Non Salted Butter,250 g,"$6.79
 ea.",,$2.72 /100g,,,https://product-images.metro.ca/images/h96/h4a/8963264217118.jpg,https://www.metro.ca/en/online-grocery/search-page-442
KASHI,"Autumn Wheat Cereal, Oragnic Promise",460 g,"$7.49
 ea.",,$1.63 /100g,,,,https://www.metro.ca/en/online-grocery/search-page-442
FANCY FEAST,"Chicken In Grilled Chicken Gravy Wet Cat Food, Gravy...",85 g,"$1.49
 ea.",,$1.75 /100g,,,,https://www.metro.ca/en/online-grocery/search-page-442
MINUTE MAID,Watermelon And Blueberry Juice,8x200 mL,"$4.79
 ea.",,$0.30 /100ml,,,https://product-images.metro.ca/images/h0d/h5c/11493026627614.jpg,https://www.metro.ca/en/online-grocery/search-page-442
JAMIESON,Assorted Flavoured Chewable Vitamin C Tablets,120 un,"$7.99
 ea.",,$0.09 /un.,,,https://product-images.metro.ca/images/h1b/ha7/9751143514142.jpg,https://www.metro.ca/en/online-grocery/search-page-442
REVOLUTION,American White Wine,4 L,"$46.49
 ea.",,$1.16 /100ml,,,https://product-images.metro.ca/images/h0f/h49/11521204355102.jpg,https://www.metro.ca/en/online-grocery/search-page-442
COLGATE,Barbie™ Mild Bubble Fruit Flavoured Fluoride Toothpa...,75 ml,"$2.49
 ea.",,$3.32 /100ml,,,,https://www.metro.ca/en/online-grocery/search-page-442
KIND,Gluten Free Dark Chocolate And Peanut Butter Cereal ...,5x35 g,"$4.99
 ea.",,$2.85 /100g,,,,https://www.metro.ca/en/online-grocery/search-page-442
CLOVER LEAF,Clam Juice,236 mL,"$4.49
 ea.",,$1.90 /100ml,,,https://product-images.metro.ca/images/hcc/h99/11374803976222.jpg,https://www.metro.ca/en/online-grocery/search-page-442
COMMENSAL,Veggie Shepherd'S Pie,300 g,"$4.49
 ea.",,$1.50 /100g,"Regular price
$4.69  ea.","Valid until Feb 14, 2024",https://product-images.metro.ca/images/hc2/hcd/10882745958430.jpg,https://www.metro.ca/en/online-grocery/search-page-442
JELL-O,Chocolate Cooked Pudding And Pie Filling,170 g,"$3.99
 ea.",,$2.35 /100g,,,https://product-images.metro.ca/images/h70/hd6/9987012362270.jpg,https://www.metro.ca/en/online-grocery/search-page-442
HIGH LINER,Wild Pacific Salmon Sides,,"$11.46
 avg. ea.",(400 g avg.),$28.64 /kg$12.99 /lb.,,,https://product-images.metro.ca/images/h0f/h76/11521349648414.jpg,https://www.metro.ca/en/online-grocery/search-page-442
BIOITALIA,Organic Spaghettini,500 g,"$3.49
 ea.",,$0.70 /100g,,,https://product-images.metro.ca/images/h8e/h7c/9836303646750.jpg,https://www.metro.ca/en/online-grocery/search-page-442
GRISSOL,"Garlic Parmesan Bite-Sized Baked Bread Snacks, Bague...",130 g,"$1.99
 ea.",,$1.53 /100g,"Regular price
$4.29  ea.","Valid until Jan 10, 2024",,https://www.metro.ca/en/online-grocery/search-page-442
VAN HOUTTE,"Mellow Mocha Ground Coffee, Classic Collection",908 g,"$23.99
 ea.",,$2.64 /100g,,,,https://www.metro.ca/en/online-grocery/search-page-442
SPARKLING ICE,Kiwi And Strawberry Flavoured Sparkling Beverage,503 mL,"2 / 
$3.50",,$0.35 /100ml,"Regular price
$2.19  ea.","Valid until Feb 7, 2024",https://product-images.metro.ca/images/h89/h76/11709555048478.jpg,https://www.metro.ca/en/online-grocery/search-page-442
KNORR,Halal Chicken Flavoured Bouillon Cubes,80 g,"$1.79
 ea.",,$2.24 /100g,,,https://product-images.metro.ca/images/hc0/h97/10486536831006.jpg,https://www.metro.ca/en/online-grocery/search-page-442
AMY'S,Organic Vegetable Barley Ready To Serve Soup,398 mL,"$5.99
 ea.",,$1.51 /100ml,,,https://product-images.metro.ca/images/h6f/hd9/12050774982686.jpg,https://www.metro.ca/en/online-grocery/search-page-442
IRRESISTIBLES,Hazelnuts,200 g,"$5.99
 ea.",,$3.00 /100g,"Regular price
$7.99  ea.","Valid until Jan 10, 2024",https://product-images.metro.ca/images/h00/hac/9062720012318.jpg,https://www.metro.ca/en/online-grocery/search-page-442
MAPLE LEAF,Flakes Of Turkey,156 g,"$3.29
 ea.",,$2.11 /100g,"Regular price
$4.19  ea.","Valid until Jan 24, 2024",https://product-images.metro.ca/images/hd3/h31/11307084382238.jpg,https://www.metro.ca/en/online-grocery/search-page-442
CLUB HOUSE,Crushed Red Pepper,70 g,"$9.49
 ea.",,$13.56 /100g,,,https://product-images.metro.ca/images/he2/h9e/10062166884382.jpg,https://www.metro.ca/en/online-grocery/search-page-442
ENSURE,"Vanilla Flavoured Meal Replacement, Plus Calories",6x235 ml,"$16.99
 ea.",,$1.20 /100ml,,,,https://www.metro.ca/en/online-grocery/search-page-442
METROGO!,5-Cut Vegetable Platter,,"$26.99
 ea.",,$1.42 /100g,,,https://product-images.metro.ca/images/he9/ha2/12073347645470.jpg,https://www.metro.ca/en/online-grocery/search-page-443
AURORA,Traditional Polenta,1 kg,"$3.69
 ea.",,$0.37 /100g,,,https://product-images.metro.ca/images/h20/hd1/8845373374494.jpg,https://www.metro.ca/en/online-grocery/search-page-443
SELECTION,Country Meadow Scented Fabric Softener Sheets,80 sheets,"$3.49
 ea.",,$0.04 /un.,"Regular price
$4.29  ea.","Valid until Feb 7, 2024",https://product-images.metro.ca/images/h04/hd8/11117267714078.jpg,https://www.metro.ca/en/online-grocery/search-page-443
RUFFLES,All Dressed Flavoured Chips,66 g,"$2.19
 ea.",,$3.32 /100g,,,https://product-images.metro.ca/images/h0b/hc1/12018746818590.jpg,https://www.metro.ca/en/online-grocery/search-page-443
PURINA ONE,"Turkey Adult Dry Cat Food, Indoor Advantage",1.8 kg,"$12.99
 ea.",,$0.72 /100g,"Regular price
$14.49  ea.","Valid until Jan 24, 2024",,https://www.metro.ca/en/online-grocery/search-page-443
BLUE DIAMOND,Almond Rice And Nut Crackers With A Hint Of Sea Salt...,120 g,"$4.99
 ea.",,$4.16 /100g,"Regular price
$5.99  ea.","Valid until Jan 24, 2024",,https://www.metro.ca/en/online-grocery/search-page-443
METROGO!,Hot Italian Sausage Patties,6 patties per tray,"$11.89
 avg. ea.",(900 g avg.),$13.21 /kg$5.99 /lb.,,,https://product-images.metro.ca/images/hcc/h2f/11954566135838.jpg,https://www.metro.ca/en/online-grocery/search-page-443
IAMS,"Hairball Care Dry Cat Food, Proactive Health",1.59 kg,"$15.49
 ea.",,$0.97 /100g,"Regular price
$17.99  ea.","Valid until Jan 10, 2024",,https://www.metro.ca/en/online-grocery/search-page-443
IMAGINE,Gluten Free Chicken Bone Broth,946 mL,"$6.99
 ea.",,$0.70 /100ml,,,https://product-images.metro.ca/images/hc4/h7e/11401344319518.jpg,https://www.metro.ca/en/online-grocery/search-page-443
LELARGE,Artichoke Bottoms,398 mL,"$4.49
 ea.",,$1.13 /100ml,"Regular price
$4.99  ea.","Valid until Jan 24, 2024",https://product-images.metro.ca/images/h3f/hb9/9633836236830.jpg,https://www.metro.ca/en/online-grocery/search-page-443
M'LORD,Whole Lychees In A Light Syrup,560 mL,"$3.49
 ea.",,$0.62 /100ml,"Regular price
$4.99  ea.","Valid until Feb 7, 2024",https://product-images.metro.ca/images/hbf/h30/11307047583774.jpg,https://www.metro.ca/en/online-grocery/search-page-443
FROMAGERIE FRITZ KAISER,Raclette Griffon Beer Flavoured Semi-Firm Surface-Ri...,,"$8.98
 avg. ea.",(200 g avg.),$44.90 /kg$20.37 /lb.,"Regular price
$50.90  avg. kg","Valid until Jan 17, 2024",,https://www.metro.ca/en/online-grocery/search-page-443
,Chocolate Cream Puff,75 g,"$2.99
 ea.",,$3.99 /100g,,,https://product-images.metro.ca/images/hf5/ha0/8860990144542.jpg,https://www.metro.ca/en/online-grocery/search-page-443
CEDAR,Calrose Medium Grain Rice,907 g,"$5.99
 ea.",,$0.66 /100g,,,https://product-images.metro.ca/images/ha1/h37/8896312868894.jpg,https://www.metro.ca/en/online-grocery/search-page-443
FROMAGERIE PERRON,One Year Old Cheddar Cheese,170 g,"$8.49
 ea.",,$4.99 /100g,"Regular price
$9.49  ea.","Valid until Jan 17, 2024",https://product-images.metro.ca/images/haa/h7c/8834593456158.jpg,https://www.metro.ca/en/online-grocery/search-page-443
LA PARISIENNE,Original Scent Liquid Laundry Detergent,125 loads-5 L,"$14.99
 ea.",,$0.12 /load,,,https://product-images.metro.ca/images/h65/h8c/9526221144094.jpg,https://www.metro.ca/en/online-grocery/search-page-443
ANGIE'S,Sweet & Salty Popcorn,198 g,"$5.49
 ea.",,$2.77 /100g,,,https://product-images.metro.ca/images/h91/h2b/12122192150558.jpg,https://www.metro.ca/en/online-grocery/search-page-443
CLOVER LEAF,Crab Meat Piece,120 g,"$9.29
 ea.",,$7.74 /100g,,,https://product-images.metro.ca/images/he9/he9/11205003149342.jpg,https://www.metro.ca/en/online-grocery/search-page-443
ARM & HAMMER,"Fresh Mint Extreme Whitening Toothpaste, Advance White",90 ml,"$2.49
 ea.",,$2.77 /100ml,"Regular price
$3.49  ea.","Valid until Feb 7, 2024",,https://www.metro.ca/en/online-grocery/search-page-443
LOACKER,Milk Chocolate Biscuits With Coffee Cream,100 g,"$4.49
 ea.",,$4.49 /100g,"Regular price
$4.99  ea.","Valid until Jan 24, 2024",https://product-images.metro.ca/images/h9f/hec/10286960181278.jpg,https://www.metro.ca/en/online-grocery/search-page-443
MILK BONE,Large Dog Biscuits,900 g,"$5.79
 ea.",,$0.64 /100g,,,https://product-images.metro.ca/images/h5a/hdd/11947708973086.jpg,https://www.metro.ca/en/online-grocery/search-page-443
RISE KOMBUCHA,Organic Mint And Chlorophyll Sparkling Fermented Bev...,1 L,"$9.29
 ea.",,$0.93 /100ml,,,,https://www.metro.ca/en/online-grocery/search-page-443
PACIFIC,Organic Lightly Salted Creamy Tomato Soup,1 L,"$7.99
 ea.",,$0.80 /100ml,"Regular price
$8.29  ea.","Valid until Jan 24, 2024",https://www.metro.ca/images/shared/placeholders/icon-no-picture.svg?v=2023.71.1.d1,https://www.metro.ca/en/online-grocery/search-page-443
BETTY CROCKER,Chocolate Chip Cookie Mix,496 g,"$4.19
 ea.",,$0.84 /100g,,,https://product-images.metro.ca/images/h18/h6f/10399642255390.jpg,https://www.metro.ca/en/online-grocery/search-page-443
IRRESISTIBLES,Frozen Four Cheese Pizza,1.10 kg,"$8.99
 ea.",,$0.82 /100g,,,https://product-images.metro.ca/images/he2/hf4/11521301119006.jpg,https://www.metro.ca/en/online-grocery/search-page-443
BEATRICE,Skim Milk,1 L,"$1.99
 ea.",,$0.20 /100ml,,,https://product-images.metro.ca/images/hc3/h87/12230527647774.jpg,https://www.metro.ca/en/online-grocery/search-page-443
MAISON CROWIN,White Oatcakes,340 g,"$6.99
 ea.",,$2.06 /100g,,,https://product-images.metro.ca/images/he6/hcd/11521291649054.jpg,https://www.metro.ca/en/online-grocery/search-page-443
DOVE,"Nourishing Oil Care Shampoo, Nutritive Solutions",355 mL,"$6.99
 ea.",,$1.97 /100ml,,,,https://www.metro.ca/en/online-grocery/search-page-443
REDPATH,Turbinado Sugar,500 g,"$4.79
 ea.",,$0.96 /100g,,,https://product-images.metro.ca/images/hca/ha7/10715257536542.jpg,https://www.metro.ca/en/online-grocery/search-page-443
GAIN,Moonlight Breeze™ Fabric Softener Sheets,120 un,"$7.99
 ea.",,$0.07 /un.,"Regular price
$9.49  ea.","Valid until Feb 7, 2024",https://product-images.metro.ca/images/hc3/h97/10789007917086.jpg,https://www.metro.ca/en/online-grocery/search-page-443
VILLA RAVIOLI,Frozen Beef Ravioli,700 g,"$8.49
 ea.",,$1.21 /100g,,,https://product-images.metro.ca/images/ha2/h8b/11461712805918.jpg,https://www.metro.ca/en/online-grocery/search-page-444
IRRESISTIBLES,Smoky Bacon Flavoured Mayonnaise,300 mL,"$3.49
 ea.",,$1.16 /100ml,,,https://product-images.metro.ca/images/hbd/hd7/9041576591390.jpg,https://www.metro.ca/en/online-grocery/search-page-444
E.D.SMITH,Blueberry Pie Filling,540 mL,"$6.99
 ea.",,$1.29 /100ml,,,https://product-images.metro.ca/images/h30/h71/9985470365726.jpg,https://www.metro.ca/en/online-grocery/search-page-444
FRISKIES,"Wet Cat Food Variety Pack, Poultry Lovers",12x156 g,"$12.99
 ea.",,$0.69 /100g,,,,https://www.metro.ca/en/online-grocery/search-page-444
PASTENE,Sardines In Olive Oil With Added Salt,120 g,"$2.99
 ea.",,$2.49 /100g,,,https://product-images.metro.ca/images/h41/h15/12050670551070.jpg,https://www.metro.ca/en/online-grocery/search-page-444
NIVEA,"Original Care™ Body, Face And Hair Shower Gel With M...",500 mL,"$6.99
 ea.",,$1.40 /100ml,,,,https://www.metro.ca/en/online-grocery/search-page-444
METROGO!,Herb Chicken Macaroni Salad,340 g,"$9.99
 ea.",,$2.56 /100g,,,https://product-images.metro.ca/images/hc5/h6f/11926693806110.jpg,https://www.metro.ca/en/online-grocery/search-page-444
SARDO,"Sliced Kalamata Olives, Deli Market",250 mL,"$6.99
 ea.",,$2.80 /100ml,,,,https://www.metro.ca/en/online-grocery/search-page-444
NEAL BROTHERS,Organic Hot Salsa,410 mL,"$6.49
 ea.",,$1.58 /100ml,,,https://product-images.metro.ca/images/hc9/h09/10229998092318.jpg,https://www.metro.ca/en/online-grocery/search-page-444
EVIAN,Natural Spring Water,750 mL,"$3.79
 ea.",,$0.51 /100ml,,,https://product-images.metro.ca/images/h57/hfa/9802551820318.jpg,https://www.metro.ca/en/online-grocery/search-page-444
VH,Korean Bbq Stir-Fry Sauce,355 mL,"2 / 
$8.00",,$1.13 /100ml,"Regular price
$4.69  ea.","Valid until Jan 24, 2024",https://product-images.metro.ca/images/h98/hbe/9518886748190.jpg,https://www.metro.ca/en/online-grocery/search-page-444
KRAFT,"Marshmallow Creme, Jet Puffed",198 g,"$3.99
 ea.",,$2.02 /100g,,,,https://www.metro.ca/en/online-grocery/search-page-444
IRRESISTIBLES,Frozen Double Chocolate Mousse Cake,6 in - 650 g,"$20.99
 ea.",,$3.23 /100g,"Regular price
$22.49  ea.","Valid until Jan 17, 2024",https://product-images.metro.ca/images/ha6/hd9/8868019535902.jpg,https://www.metro.ca/en/online-grocery/search-page-444
CLUB HOUSE,Organic Crushed Red Pepper,23 g,"$2.99
 ea.",,$13.00 /100g,"Regular price
$3.29  ea.","Valid until Feb 7, 2024",https://product-images.metro.ca/images/ha3/h25/12050717376542.jpg,https://www.metro.ca/en/online-grocery/search-page-444
,Bag Of Yellow Local Beets,2 lb,"$4.99
 ea.",,$0.55 /100g,,,https://product-images.metro.ca/images/h99/h76/8988208463902.jpg,https://www.metro.ca/en/online-grocery/search-page-444
IRRESISTIBLES,Frozen Double Chocolate Mousse Cake,8 in - 1.1 kg,"$29.99
 ea.",,$2.73 /100g,,,https://product-images.metro.ca/images/hdf/h4c/8868018454558.jpg,https://www.metro.ca/en/online-grocery/search-page-444
,Braided Garlic,500 g,"$4.99
 ea.",,$1.00 /100g,,,https://product-images.metro.ca/images/h75/h63/8890909917214.jpg,https://www.metro.ca/en/online-grocery/search-page-444
SELECTION,Extra Large Multi-Purpose Clear Bags,40 un,"$8.99
 ea.",,$0.22 /un.,"Regular price
$9.99  ea.","Valid until Feb 7, 2024",https://product-images.metro.ca/images/hb5/h4d/8809453387806.jpg,https://www.metro.ca/en/online-grocery/search-page-444
COLAVITA,Classic Extra Virgin Greek Olive Oil,750 mL,"$17.99
 ea.",,$2.40 /100ml,,,https://product-images.metro.ca/images/h48/h15/12050671894558.jpg,https://www.metro.ca/en/online-grocery/search-page-444
RUSTICA,Traditional Vegetarian Tomato Pizza,400 g,"$7.49
 ea.",,$1.87 /100g,,,https://product-images.metro.ca/images/h90/hcb/10101027438622.jpg,https://www.metro.ca/en/online-grocery/search-page-444
IRRESISTIBLES,Dried Oregano,17 g,"$2.49
 ea.",,$14.65 /100g,,,https://product-images.metro.ca/images/h18/h78/8987803582494.jpg,https://www.metro.ca/en/online-grocery/search-page-444
,Chocolate Eclairs With Custard Filling,4x115 g,"$8.99
 ea.",,$1.95 /100g,,,https://product-images.metro.ca/images/hb5/h3f/9005312114718.jpg,https://www.metro.ca/en/online-grocery/search-page-444
KASHI,Organic Wild Bluberry Bliss Cereal,380 g,"$7.49
 ea.",,$1.97 /100g,,,https://product-images.metro.ca/images/h9a/ha2/12050704531486.jpg,https://www.metro.ca/en/online-grocery/search-page-444
SELECTION,Solid White Tuna In Olive Oil,85 g,"$1.39
 ea.",,$1.64 /100g,"Regular price
$1.99  ea.","Valid until Jan 24, 2024",https://product-images.metro.ca/images/h17/hbb/9518710915102.jpg,https://www.metro.ca/en/online-grocery/search-page-444
FANCY FEAST,"Tuna With Vegetables In Sauce Wet Cat Food, Medleys",85 g,"$1.49
 ea.",,$1.75 /100g,,,,https://www.metro.ca/en/online-grocery/search-page-444
POISE,Very Light Absorbency Long Lenght Incontinence Liner...,44 un,"$8.49
 ea.",,$0.19 /un.,,,,https://www.metro.ca/en/online-grocery/search-page-444
SNOWDON BAKERY,Onion Rolls,6 un - 480 g,"$7.79
 ea.",,$1.62 /100g,,,https://product-images.metro.ca/images/hf6/h48/8861626564638.jpg,https://www.metro.ca/en/online-grocery/search-page-444
LE TROU DU DIABLE MICROBREWERY,"Strong Saison Beer, La Saison Du Tracteur",600 mL - bottle,"4 / 
$22.00",,or $6.49 ea. $0.92 /100ml,,"Valid until Feb 7, 2024",,https://www.metro.ca/en/online-grocery/search-page-444
KRAFT,"Original Cheddar Pasta And Sauce, Deluxe",400 g,"$4.99
 ea.",,$1.25 /100g,,,,https://www.metro.ca/en/online-grocery/search-page-444
MAZOLA,Corn Oil,2.84 L,"$17.49
 ea.",,$0.62 /100ml,,,https://product-images.metro.ca/images/hae/hdb/11188441284638.jpg,https://www.metro.ca/en/online-grocery/search-page-444
DOVE,"Color Care Shampoo, Damage Solutions",355 mL,"$6.99
 ea.",,$1.97 /100ml,,,,https://www.metro.ca/en/online-grocery/search-page-445
VACHON,Original Swiss Rolls™ Cakes,290 g,"3 / 
$10.97",,or $4.99 ea. $0.30 /un.,"Regular price
$5.29  ea.","Valid until Jan 10, 2024",https://product-images.metro.ca/images/ha4/h0f/10893981909022.jpg,https://www.metro.ca/en/online-grocery/search-page-445
AIR WICK,Crisp Linen Scented Oil Air Freshener Kit,20 ml,"$8.49
 ea.",,$40.43 /100ml,,,https://product-images.metro.ca/images/h1c/h3f/11614450581534.jpg,https://www.metro.ca/en/online-grocery/search-page-445
FRESH GOURMET,Lightly Salted Tortilla Strips,99 g,"$3.99
 ea.",,$4.03 /100g,"Regular price
$4.99  ea.","Valid until Jan 10, 2024",https://product-images.metro.ca/images/h87/he0/11511526850590.jpg,https://www.metro.ca/en/online-grocery/search-page-445
DION,4 Peppercorn Mix,78 g,"$7.79
 ea.",,$9.99 /100g,,,https://product-images.metro.ca/images/hea/h13/10239162023966.jpg,https://www.metro.ca/en/online-grocery/search-page-445
STARBUCKS,Blonde® Roast True North Blend® K-Cup® Coffee Pods,24 un,"$19.99
 ea.",,$0.83 /un.,"Regular price
$25.49  ea.","Valid until Feb 7, 2024",https://product-images.metro.ca/images/hc9/ha7/12266505109534.jpg,https://www.metro.ca/en/online-grocery/search-page-445
VILLA RAVIOLI,Frozen Veal Tortellini,600 g,"$8.49
 ea.",,$1.42 /100g,,,https://product-images.metro.ca/images/h0d/h59/11461717327902.jpg,https://www.metro.ca/en/online-grocery/search-page-445
FROMAGERIE BERGERON,"Goat'S Milk Gouda Cheese, Patte Blanche",170 g,"$7.99
 ea.",,$4.70 /100g,"Regular price
$8.99  ea.","Valid until Jan 10, 2024",,https://www.metro.ca/en/online-grocery/search-page-445
NESTLÉ,"Mini Chocolate Covered Treats Original Recipe, Turtles",142 g,"$5.79
 ea.",,$4.08 /100g,,,,https://www.metro.ca/en/online-grocery/search-page-445
LE BÉDOUIN,Herbs And Garlic Semi-Soft Unripened Haloumi Cheese,200 g,"$7.99
 ea.",,$4.00 /100g,"Regular price
$9.99  ea.","Valid until Jan 17, 2024",https://product-images.metro.ca/images/h99/h37/9533430267934.jpg,https://www.metro.ca/en/online-grocery/search-page-445
FEBREZE,"Hawaiian Aloha Air Freshener, Air",250 g,"$4.99
 ea.",,$2.00 /100g,,,,https://www.metro.ca/en/online-grocery/search-page-445
PEPSI,"Diet Soft Drink, Mini",15x222 mL,"$6.99
 ea.",,$0.21 /100ml,"Regular price
$7.99  ea.","Valid until Jan 24, 2024",,https://www.metro.ca/en/online-grocery/search-page-445
NUTRINOR,"1% Milk, Organic Nordic",2 L,"$6.99
 ea.",,$0.35 /100ml,,,,https://www.metro.ca/en/online-grocery/search-page-445
METROGO!,Cauliflower Florets,200 g,"$3.99
 ea.",,$2.00 /100g,,,https://product-images.metro.ca/images/h9c/hb4/9014662070302.jpg,https://www.metro.ca/en/online-grocery/search-page-445
ST-HUBERT,Frozen Mild BBQ Chicken Wings,575 g,"$14.99
 ea.",,$2.61 /100g,"Regular price
$15.99  ea.","Valid until Jan 17, 2024",https://product-images.metro.ca/images/h05/hf6/10152865824798.jpg,https://www.metro.ca/en/online-grocery/search-page-445
STASH,Caffeine Free Chamomile Herbal Tea,20 un,"$6.49
 ea.",,$0.32 /un.,,,https://product-images.metro.ca/images/he6/h56/9529927532574.jpg,https://www.metro.ca/en/online-grocery/search-page-445
DION,Thyme,18 g,"$2.69
 ea.",,$14.94 /100g,,,https://product-images.metro.ca/images/h56/h87/10319482486814.jpg,https://www.metro.ca/en/online-grocery/search-page-445
TILDA,Basmati Rice,4.54 kg,"$22.99
 ea.",,$0.51 /100g,,,https://product-images.metro.ca/images/hd7/h68/10686005346334.jpg,https://www.metro.ca/en/online-grocery/search-page-445
KRAFT,Oil And Vinegar Dressing,475 mL,"$4.49
 ea.",,$0.95 /100ml,,,https://product-images.metro.ca/images/h22/hae/9987077275678.jpg,https://www.metro.ca/en/online-grocery/search-page-445
DUMET,Greek Kalamata Handpicked Olives,200 g,"$5.99
 ea.",,$3.00 /100g,,,https://product-images.metro.ca/images/h36/h86/9111690248222.jpg,https://www.metro.ca/en/online-grocery/search-page-445
HAMBURGER HELPER,3 Cheese Manicotti,170 g,"2 / 
$5.50",,$1.62 /100g,"Regular price
$3.69  ea.","Valid until Jan 24, 2024",https://product-images.metro.ca/images/h91/hcb/11754118086686.jpg,https://www.metro.ca/en/online-grocery/search-page-445
MONARI FEDERZONI,Balsamic Vinegar Of Modena,500 mL,"$9.99
 ea.",,$2.00 /100ml,"Regular price
$11.49  ea.","Valid until Feb 7, 2024",https://product-images.metro.ca/images/hb9/hc1/12191693013022.jpg,https://www.metro.ca/en/online-grocery/search-page-445
PREMIÈRE MOISSON,Raspberry And Chocolate Cake,83 g,"$4.49
 ea.",,$5.41 /100g,,,https://product-images.metro.ca/images/h1d/h49/8912869228574.jpg,https://www.metro.ca/en/online-grocery/search-page-445
CELESTIAL SEASONINGS,Herbal Tea Bags Sampler,20 un,"$4.99
 ea.",,$0.25 /un.,,,https://product-images.metro.ca/images/hd5/hc6/12210133139486.jpg,https://www.metro.ca/en/online-grocery/search-page-445
CLUB HOUSE,"Pot Roast Seasoning Mix, Slow Cookers",36 g,"2 / 
$3.00",,$4.17 /100g,"Regular price
$2.29  ea.","Valid until Jan 24, 2024",,https://www.metro.ca/en/online-grocery/search-page-445
MUG,Root Beer,2 L,"2 / 
$6.00",,$0.15 /100ml,"Regular price
$3.49  ea.","Valid until Jan 24, 2024",https://product-images.metro.ca/images/h12/h9e/9526320431134.jpg,https://www.metro.ca/en/online-grocery/search-page-445
BIOITALIA,Organic Orzo,500 g,"$3.49
 ea.",,$0.70 /100g,,,https://product-images.metro.ca/images/h8e/hed/9836334841886.jpg,https://www.metro.ca/en/online-grocery/search-page-445
SÉLECTION CHÂTENOIS,Canadian Red Wine,1 L,"$12.49
 ea.",,$1.25 /100ml,,,https://product-images.metro.ca/images/h9d/hc3/9518176731166.jpg,https://www.metro.ca/en/online-grocery/search-page-445
CAFFITALY,"Deciso Nespresso® Coffee Capsules, Compatibili",10 un,"$5.49
 ea.",,$0.55 /un.,"Regular price
$6.49  ea.","Valid until Feb 7, 2024",,https://www.metro.ca/en/online-grocery/search-page-445
OZERY BAKERY,"Multigrain Breakfast Pitas, Morning Rounds",450 g,"$4.99
 ea.",,$1.11 /100g,"Regular price
$5.79  ea.","Valid until Jan 17, 2024",,https://www.metro.ca/en/online-grocery/search-page-445
CHARLEVOISIENNE,Orange Flavoured Duck Terrine,125 g,"$4.99
 ea.",,$3.99 /100g,,,https://product-images.metro.ca/images/h4d/hae/11449566199838.jpg,https://www.metro.ca/en/online-grocery/search-page-446
,Honeydew,Sold individually,"$5.99
 ea.",,$5.99 /un.,,,https://product-images.metro.ca/images/hfc/hdc/11521112473630.jpg,https://www.metro.ca/en/online-grocery/search-page-446
SKYLARK,Frozen Sliced Veal Liver,100 g,"$1.79
 ea.",,$1.79 /100g,"Regular price
$1.99  ea.","Valid until Jan 17, 2024",https://product-images.metro.ca/images/h65/hdc/11432738979870.jpg,https://www.metro.ca/en/online-grocery/search-page-446
SELECTION,Frozen Broccoli And Cheese Stuffed Chicken Cutlets,2x284 g,"$5.49
 ea.",,$1.93 /100g,"Regular price
$6.99  ea.","Valid until Jan 10, 2024",https://product-images.metro.ca/images/h98/h94/10405051531294.jpg,https://www.metro.ca/en/online-grocery/search-page-446
AQUA FUCHSIA,Organic Alfalfa And Radish Sprouts,75 g,"$3.99
 ea.",,$5.32 /100g,,,https://product-images.metro.ca/images/h6c/h56/11461768871966.jpg,https://www.metro.ca/en/online-grocery/search-page-446
CLUB HOUSE,Organic Ground Turmeric,39 g,"$2.99
 ea.",,$7.67 /100g,"Regular price
$3.29  ea.","Valid until Feb 7, 2024",https://product-images.metro.ca/images/hbb/hc6/11188450131998.jpg,https://www.metro.ca/en/online-grocery/search-page-446
,"Value Pack, Fresh Haddock Fillets",Around 3 fillets per tray,"$17.85
 avg. ea.",(450 g avg.),$39.66 /kg$17.99 /lb.,,,https://product-images.metro.ca/images/h99/he9/11869270147102.jpg,https://www.metro.ca/en/online-grocery/search-page-446
NONG SHIM,Oolong Beef Cup Noodle Soup Mix,75 g,"$1.99
 ea.",,$2.65 /100g,,,https://www.metro.ca/images/shared/placeholders/icon-no-picture.svg?v=2023.71.1.d1,https://www.metro.ca/en/online-grocery/search-page-446
FLAGRANTS DESIRS,Dark Chocolate 85% Cocoa,100 g,"$4.49
 ea.",,$4.49 /100g,,,https://product-images.metro.ca/images/h62/ha5/10053715787806.jpg,https://www.metro.ca/en/online-grocery/search-page-446
BLUE DRAGON,General Tao Stir Fry Sauce,140 mL,"$1.99
 ea.",,$1.42 /100ml,"Regular price
$2.39  ea.","Valid until Jan 24, 2024",https://product-images.metro.ca/images/h0a/h14/10288402169886.jpg,https://www.metro.ca/en/online-grocery/search-page-446
LYSOL,Crisp Linen® Disinfectant Spray,350 g,"$5.49
 ea.",,$1.57 /100g,"Regular price
$7.99  ea.","Valid until Feb 7, 2024",https://product-images.metro.ca/images/h11/h1b/9910102294558.jpg,https://www.metro.ca/en/online-grocery/search-page-446
FORTIN,Dehydrated Vegetables,85 g,"$2.19
 ea.",,$2.58 /100g,,,https://product-images.metro.ca/images/h4d/ha7/8935840317470.jpg,https://www.metro.ca/en/online-grocery/search-page-446
DR. OETKER,"Pie Crust Mix, Shirriff",270 g,"$2.69
 ea.",,$1.00 /100g,,,,https://www.metro.ca/en/online-grocery/search-page-446
METROGO!,Corn Tortilla Chips With Salsa And Sour Cream,550 g,"$10.99
 ea.",,$2.00 /100g,,,https://product-images.metro.ca/images/hf3/hc3/8837029265438.jpg,https://www.metro.ca/en/online-grocery/search-page-446
GRISSOL,Rye Melba Toast,350 g,"$5.29
 ea.",,$1.51 /100g,"Regular price
$6.49  ea.","Valid until Jan 24, 2024",https://product-images.metro.ca/images/h18/h93/9711237857310.jpg,https://www.metro.ca/en/online-grocery/search-page-446
OLD SPICE,"Pure Sport Scented Aluminum Free Deodorant Stick, Hi...",85 g,"$5.99
 ea.",,$7.05 /100g,,,,https://www.metro.ca/en/online-grocery/search-page-446
MCILHENNY CO.,"Green Pepper Sauce, Tabasco",57 mL,"$2.99
 ea.",,$5.25 /100ml,"Regular price
$3.79  ea.","Valid until Jan 24, 2024",,https://www.metro.ca/en/online-grocery/search-page-446
TRADITION,Lemonade,300 mL,"3 / 
$5.00",,$0.56 /100ml,,,https://product-images.metro.ca/images/h57/h87/11754043277342.jpg,https://www.metro.ca/en/online-grocery/search-page-446
SARDO,"Pitted Mammoth Olives, Deli Market",500 mL,"$6.99
 ea.",,$1.40 /100ml,,,,https://www.metro.ca/en/online-grocery/search-page-446
VAN HOUTTE,"Mellow Mocha Ground Coffee, Classic Collection",340 g,"$9.99
 ea.",,$2.94 /100g,"Regular price
$10.99  ea.","Valid until Feb 7, 2024",,https://www.metro.ca/en/online-grocery/search-page-446
BON MATIN,"Country Grains Sliced Bread, La Mie De L'Artisan",600 g,"$5.29
 ea.",,$0.88 /100g,,,,https://www.metro.ca/en/online-grocery/search-page-446
CLUB HOUSE,Coarse Grind Black Pepper,100 g,"$9.49
 ea.",,$9.49 /100g,,,https://product-images.metro.ca/images/h69/h43/10715278606366.jpg,https://www.metro.ca/en/online-grocery/search-page-446
MOUNTAIN DEW,"Soft Drink, Citrus Charge",2 L,"2 / 
$6.00",,$0.15 /100ml,"Regular price
$3.49  ea.","Valid until Jan 24, 2024",,https://www.metro.ca/en/online-grocery/search-page-446
PAPILLE,Parmesan Rosette De Lyon Sausage,300 g,"$13.99
 ea.",,$4.66 /100g,,,https://product-images.metro.ca/images/h05/h88/9529837092894.jpg,https://www.metro.ca/en/online-grocery/search-page-446
DION,Garlic Powder,39 g,"$4.49
 ea.",,$11.51 /100g,,,https://product-images.metro.ca/images/h47/h92/10250251862046.jpg,https://www.metro.ca/en/online-grocery/search-page-446
CLUB HOUSE,Imitation Maple Extract,43 mL,"$3.99
 ea.",,$9.28 /100ml,,,https://product-images.metro.ca/images/h43/h80/10475405279262.jpg,https://www.metro.ca/en/online-grocery/search-page-446
ALEXIS DE PORTNEUF,"Vanilla Flavoured Triple Cream Brie Cheese, Lady Lau...",150 g,"$8.00
 ea.",,$5.33 /100g,"Regular price
$10.49  ea.","Valid until Jan 10, 2024",,https://www.metro.ca/en/online-grocery/search-page-446
WHISKAS,"Tuna Flavoured Adult Cat Food, Tuna Selections",2 kg,"$10.49
 ea.",,$0.52 /100g,"Regular price
$11.49  ea.","Valid until Jan 24, 2024",,https://www.metro.ca/en/online-grocery/search-page-446
VALOR,Dark Chocolate 70% Cocoa Bar With Forest Fruits,100 g,"$4.99
 ea.",,$4.99 /100g,,,https://product-images.metro.ca/images/h90/h75/9529850331166.jpg,https://www.metro.ca/en/online-grocery/search-page-446
FANCY FEAST,"Seafood Wet Cat Food Variety Pack, Pâté",12x85 g,"$12.99
 ea.",,$1.27 /100g,,,,https://www.metro.ca/en/online-grocery/search-page-446
MAISON ORPHÉE,"Organic Extra Virgin Olive Oil, Balanced",500 mL,"$16.99
 ea.",,$3.40 /100ml,,,,https://www.metro.ca/en/online-grocery/search-page-447
,Frozen Breaded Fish Cake,,"$0.66
 avg. ea.",(50 g avg.),$13.21 /kg$5.99 /lb.,,,https://product-images.metro.ca/images/h3a/hbb/8911891398686.jpg,https://www.metro.ca/en/online-grocery/search-page-447
TRADITION,Sparkling Raspberry Lemonade,750 mL,"$5.49
 ea.",,$0.73 /100ml,"Regular price
$6.99  ea.","Valid until Jan 10, 2024",https://product-images.metro.ca/images/he6/hf2/10052591452190.jpg,https://www.metro.ca/en/online-grocery/search-page-447
ARM & HAMMER,Clump And Seal™ Cat Litter,9.1 kg,"$19.49
 ea.",,$0.21 /100g,,,https://product-images.metro.ca/images/h84/h09/11892949221406.jpg,https://www.metro.ca/en/online-grocery/search-page-447
PREMIÈRE MOISSON,Tiramisu Cake,76 g,"$4.49
 ea.",,$5.91 /100g,,,https://product-images.metro.ca/images/h9e/h55/8912895377438.jpg,https://www.metro.ca/en/online-grocery/search-page-447
CLUB HOUSE,"Garlic Plus Seasoning, Signature Blends",141 g,"$6.49
 ea.",,$4.60 /100g,,,,https://www.metro.ca/en/online-grocery/search-page-447
M'LORD,Sliced Bamboo Shoots,199 mL,"$2.29
 ea.",,$1.15 /100ml,"Regular price
$2.79  ea.","Valid until Jan 24, 2024",https://product-images.metro.ca/images/hd9/h59/11307090477086.jpg,https://www.metro.ca/en/online-grocery/search-page-447
M'LORD,Miniature Corn Cobs,398 mL,"$2.99
 ea.",,$0.75 /100ml,,,https://product-images.metro.ca/images/hf0/hef/11521138032670.jpg,https://www.metro.ca/en/online-grocery/search-page-447
OCEAN SPRAY,Diet Cranberry Beverage,3 L,"$8.49
 ea.",,$0.28 /100ml,,,https://product-images.metro.ca/images/hd4/h68/10794068901918.jpg,https://www.metro.ca/en/online-grocery/search-page-447
IRRESISTIBLES,Pecan Pieces,200 g,"$7.99
 ea.",,$4.00 /100g,,,https://product-images.metro.ca/images/heb/hd8/9051564408862.jpg,https://www.metro.ca/en/online-grocery/search-page-447
NATURE'S PATH,Organic Maple Nut Hot Oatmeal Packets,8x50 g,"$5.49
 ea.",,$1.37 /100g,"Regular price
$6.49  ea.","Valid until Feb 7, 2024",https://product-images.metro.ca/images/h6b/hfc/9518768193566.jpg,https://www.metro.ca/en/online-grocery/search-page-447
DION,Ground Cinnamon,30 g,"$3.19
 ea.",,$10.63 /100g,,,https://product-images.metro.ca/images/ha6/h01/10239158845470.jpg,https://www.metro.ca/en/online-grocery/search-page-447
DARE,"Birthday Cake Flavoured Cookies, Bear Paws",6x28 g,"$4.49
 ea.",,$1.34 /100g,"Regular price
$7.29  ea.","Valid until Jan 10, 2024",,https://www.metro.ca/en/online-grocery/search-page-447
,Custard Square,140 g,"$3.29
 ea.",,$2.35 /100g,,,https://product-images.metro.ca/images/hb4/h25/9005364674590.jpg,https://www.metro.ca/en/online-grocery/search-page-447
ROYAL NUTS,Dark Chocolate Covered Whole Almonds,400 g,"$9.99
 ea.",,$2.50 /100g,,,https://product-images.metro.ca/images/hf5/h9f/11849453895710.jpg,https://www.metro.ca/en/online-grocery/search-page-447
CHA'S ORGANICS,Organic Coconut Milk,400 mL,"$5.49
 ea.",,$1.37 /100ml,,,https://product-images.metro.ca/images/h0c/hf7/11188459765790.jpg,https://www.metro.ca/en/online-grocery/search-page-447
BOOST,"Strawberry Flavoured Meal Replacement, High Protein",6x237 mL,"$14.99
 ea.",,$1.05 /100ml,"Regular price
$17.99  ea.","Valid until Feb 7, 2024",,https://www.metro.ca/en/online-grocery/search-page-447
JELL-O,Vanilla Cooked Pudding And Pie Filling,135 g,"$3.99
 ea.",,$2.96 /100g,,,https://product-images.metro.ca/images/h97/h74/9670349684766.jpg,https://www.metro.ca/en/online-grocery/search-page-447
CLUB HOUSE,Smoked Paprika,116 g,"$9.49
 ea.",,$8.18 /100g,,,https://product-images.metro.ca/images/hcf/h7e/10062194769950.jpg,https://www.metro.ca/en/online-grocery/search-page-447
SELECTION,"Trail Mix, Viva",300 g,"$5.49
 ea.",,$1.83 /100g,,,,https://www.metro.ca/en/online-grocery/search-page-447
DERLEA,Minced Ginger,230 g,"$5.99
 ea.",,$2.60 /100g,,,https://product-images.metro.ca/images/h18/h31/11243970002974.jpg,https://www.metro.ca/en/online-grocery/search-page-447
CAFFITALY,"Soave Nespresso® Coffee Capsules, Compatibili",10 un,"$5.49
 ea.",,$0.55 /un.,"Regular price
$6.49  ea.","Valid until Feb 7, 2024",,https://www.metro.ca/en/online-grocery/search-page-447
CLUB HOUSE,Oregano Leaves,33 g,"$7.29
 ea.",,$22.09 /100g,,,https://product-images.metro.ca/images/h93/h2c/10109037674526.jpg,https://www.metro.ca/en/online-grocery/search-page-447
BECK'S,German Lager Beer,12x330 mL - bottles,"$23.99
 ea.",,$0.61 /100ml,"Regular price
$25.99  ea.","Valid until Jan 10, 2024",https://product-images.metro.ca/images/h6d/h1d/10390636462110.jpg,https://www.metro.ca/en/online-grocery/search-page-447
CEDAR,Artichoke Hearts,398 mL,"$4.49
 ea.",,$1.13 /100ml,,,https://product-images.metro.ca/images/hdd/h10/8847896870942.jpg,https://www.metro.ca/en/online-grocery/search-page-447
SELECTION,Frozen Meat Lasagna,2.27 kg,"$16.00
 ea.",,$0.70 /100g,,,https://product-images.metro.ca/images/hb4/hb0/11521058340894.jpg,https://www.metro.ca/en/online-grocery/search-page-447
ALEXIS DE PORTNEUF,"Light Brie Cheese, Brise Du Matin™",125 g,"$6.99
 ea.",,$5.59 /100g,,,,https://www.metro.ca/en/online-grocery/search-page-447
,"Fresh Canadian Steelhead Trout Fillet, Value Pack",Around 1 fillet per tray,"$17.35
 avg. ea.",(450 g avg.),$38.56 /kg$17.49 /lb.,,,,https://www.metro.ca/en/online-grocery/search-page-447
FANCY FEAST,"Fish And Chicken Wet Cat Food Variety Pack, Gravy Lo...",12x85 g,"$12.99
 ea.",,$1.27 /100g,,,,https://www.metro.ca/en/online-grocery/search-page-447
VILLA RAVIOLI,Frozen Braised Pork Tortellini,700 g,"$8.49
 ea.",,$1.21 /100g,,,https://product-images.metro.ca/images/h8a/hf1/9529761562654.jpg,https://www.metro.ca/en/online-grocery/search-page-447
CAF-LIB,Original Grain Beverage With Chicory,150 g,"$8.99
 ea.",,$5.99 /100g,,,https://product-images.metro.ca/images/h9f/h1a/11188443283486.jpg,https://www.metro.ca/en/online-grocery/search-page-448
ST. DALFOUR,Blueberry Deluxe Spread,225 mL,"$7.49
 ea.",,$3.33 /100ml,,,https://product-images.metro.ca/images/h71/ha0/11541013004318.jpg,https://www.metro.ca/en/online-grocery/search-page-448
TRE STELLE,Lactose Free Creamy Cheese Spread,200 g,"$4.49
 ea.",,$2.25 /100g,,,https://product-images.metro.ca/images/hf6/hb7/10882794487838.jpg,https://www.metro.ca/en/online-grocery/search-page-448
ROYAL NUTS,Organic Unsalted Shelled Pumpkin Seeds,190 g,"$6.99
 ea.",,$3.68 /100g,"Regular price
$7.99  ea.","Valid until Jan 10, 2024",https://product-images.metro.ca/images/h47/h50/11849477652510.jpg,https://www.metro.ca/en/online-grocery/search-page-448
DION,Oregano,10 g,"$2.49
 ea.",,$16.60 /100g,"Regular price
$3.19  ea.","Valid until Feb 7, 2024",https://product-images.metro.ca/images/h21/h51/10319486484510.jpg,https://www.metro.ca/en/online-grocery/search-page-448
GENERAL MILLS,"Honey Nut Oats Cereal Jumbo Pack, Cheerios",1.3 kg,"$10.49
 ea.",,$0.81 /100g,,,,https://www.metro.ca/en/online-grocery/search-page-448
AMY'S,Low Fat No Chicken Noodle Soup,398 mL,"$5.99
 ea.",,$1.51 /100ml,,,https://product-images.metro.ca/images/hf6/h77/12050795429918.jpg,https://www.metro.ca/en/online-grocery/search-page-448
TEMPTATIONS,"Tuna Flavoured Cat Treats, Value Pack",454 g,"$7.99
 ea.",,$1.76 /100g,"Regular price
$9.99  ea.","Valid until Jan 24, 2024",,https://www.metro.ca/en/online-grocery/search-page-448
TEMPTATIONS,"Seafood Medley Flavoured Cat Treats, Value Pack",454 g,"$7.99
 ea.",,$1.76 /100g,"Regular price
$9.99  ea.","Valid until Jan 24, 2024",,https://www.metro.ca/en/online-grocery/search-page-448
ARCTIC POWER,Spring Magic™ Liquid Laundry Detergent,88 loads-3.96 L,"$11.49
 ea.",,$0.13 /load,,,https://product-images.metro.ca/images/h02/hc5/11351675994142.jpg,https://www.metro.ca/en/online-grocery/search-page-448
SELECTION,"Frozen All Dressed Rising Crust Pizzas, Value Pack",3x725 g,"$14.99
 ea.",,$0.69 /100g,,,,https://www.metro.ca/en/online-grocery/search-page-448
SUN-MAID,Pitted Prunes,500 g,"$8.49
 ea.",,$1.70 /100g,,,https://product-images.metro.ca/images/h18/h50/12210153881630.jpg,https://www.metro.ca/en/online-grocery/search-page-448
VILEDA,Mini Dish Mop,1 un,"$4.99
 ea.",,$4.99 /un.,,,https://product-images.metro.ca/images/h99/h12/11937041809438.jpg,https://www.metro.ca/en/online-grocery/search-page-448
WAFU,"Japanese Style Sesame Spread, Mayonaizu",250 mL,"$6.49
 ea.",,$2.60 /100ml,"Regular price
$6.99  ea.","Valid until Jan 17, 2024",,https://www.metro.ca/en/online-grocery/search-page-448
KITCHEN BASICS,Unsalted Chicken Broth,946 mL,"$4.49
 ea.",,$0.47 /100ml,,,https://product-images.metro.ca/images/h23/h1e/11198094868510.jpg,https://www.metro.ca/en/online-grocery/search-page-448
,Italian Parsley In A Pot,1 un,"$5.99
 ea.",,$5.99 /un.,,,https://product-images.metro.ca/images/h31/hf4/9916390899742.jpg,https://www.metro.ca/en/online-grocery/search-page-448
PUP-PERONI,Lean Beef Flavoured Dog Snacks,158 g,"$3.29
 ea.",,$2.08 /100g,"Regular price
$3.79  ea.","Valid until Jan 24, 2024",https://product-images.metro.ca/images/h4d/hb6/9533399072798.jpg,https://www.metro.ca/en/online-grocery/search-page-448
FANCY FEAST,Shredded Chicken With Veggetables In Broth Wet Cat F...,85 g,"$1.49
 ea.",,$1.75 /100g,,,,https://www.metro.ca/en/online-grocery/search-page-448
LES ALIMENTS MER ET MONDE,Fully Cooked Cranberry Maple Sausages,300 g,"$7.99
 ea.",,$2.66 /100g,,,https://product-images.metro.ca/images/h82/h06/8821611528222.jpg,https://www.metro.ca/en/online-grocery/search-page-448
BABY MUM-MUM,Banana Flavoured Rice Rusks,50 g,"$2.99
 ea.",,$5.98 /100g,"Regular price
$3.69  ea.","Valid until Feb 7, 2024",https://product-images.metro.ca/images/h4f/hdf/11344179593246.jpg,https://www.metro.ca/en/online-grocery/search-page-448
FRISKIES,"Chicken And Salmon Dry Cat Food, Gravy Swirlers",1.42 kg,"$7.79
 ea.",,$0.01 /kg,,,,https://www.metro.ca/en/online-grocery/search-page-448
IRRESISTIBLES,Unsalted Pumpkin Seeds,600 g,"$10.99
 ea.",,$1.83 /100g,,,https://product-images.metro.ca/images/hae/hf0/9131779751966.jpg,https://www.metro.ca/en/online-grocery/search-page-448
BRISK,Lemon Flavoured Iced Tea,591 mL,"2 / 
$5.00",,$0.42 /100ml,"Regular price
$2.99  ea.","Valid until Jan 24, 2024",https://product-images.metro.ca/images/h0b/he2/10161314856990.jpg,https://www.metro.ca/en/online-grocery/search-page-448
WERTHER'S ORIGINAL,Chewy Caramel Candies,128 g,"$2.99
 ea.",,$2.34 /100g,"Regular price
$3.79  ea.","Valid until Jan 24, 2024",https://product-images.metro.ca/images/hfb/h32/12240717053982.jpg,https://www.metro.ca/en/online-grocery/search-page-448
,Rosemary In A Pot,1 un,"$5.99
 ea.",,$5.99 /un.,,,https://product-images.metro.ca/images/h06/hd9/9916650225694.jpg,https://www.metro.ca/en/online-grocery/search-page-448
CORDON BLEU,Beef Stew With Formed Chunks,410 g,"$5.79
 ea.",,$1.41 /100g,,,https://product-images.metro.ca/images/h2a/h3d/11281592483870.jpg,https://www.metro.ca/en/online-grocery/search-page-448
M'LORD,Hearts Of Palm Medallions,398 mL,"$5.49
 ea.",,$1.38 /100ml,,,https://product-images.metro.ca/images/hef/hb5/11521171390494.jpg,https://www.metro.ca/en/online-grocery/search-page-448
IRRESISTIBLES,Dried Cranberries,250 g,"$4.99
 ea.",,$2.00 /100g,,,https://product-images.metro.ca/images/h70/h88/9131780603934.jpg,https://www.metro.ca/en/online-grocery/search-page-448
OLIVIERI,Herb Alfredo Pasta Sauce,600 mL,"$8.49
 ea.",,$1.42 /100ml,"Regular price
$8.99  ea.","Valid until Jan 17, 2024",https://product-images.metro.ca/images/h29/he7/9519304474654.jpg,https://www.metro.ca/en/online-grocery/search-page-448
TAKIS,Mild Xplosion® Tortilla Chips,280 g,"$4.49
 ea.",,$1.60 /100g,,,https://product-images.metro.ca/images/hd3/h74/10322891079710.jpg,https://www.metro.ca/en/online-grocery/search-page-448
ST. REGIS,Dealcoholized Quebec Red Wine,750 mL,"$9.99
 ea.",,$1.33 /100ml,"Regular price
$11.79  ea.","Valid until Feb 7, 2024",https://product-images.metro.ca/images/h86/h81/9514537713694.jpg,https://www.metro.ca/en/online-grocery/search-page-449
METROGO!,Strawberry Parfait,,"$6.99
 ea.",,$2.33 /100g,,,https://product-images.metro.ca/images/h1a/h27/8837216698398.jpg,https://www.metro.ca/en/online-grocery/search-page-449
LONEY'S,Dehydrated Beef Broth,400 g,"$6.29
 ea.",,$1.57 /100g,"Regular price
$6.99  ea.","Valid until Jan 24, 2024",https://product-images.metro.ca/images/hea/hca/9554255642654.jpg,https://www.metro.ca/en/online-grocery/search-page-449
GLAD,Extra Large Black Garbage Bags,20 un,"$13.29
 ea.",,$0.66 /un.,,,https://product-images.metro.ca/images/hba/h9b/11492938940446.jpg,https://www.metro.ca/en/online-grocery/search-page-449
IAMS,"Indoor™ Salmon Recipe Pâté Cat Food, Perfect Portions",2x37.5 g,"$1.99
 ea.",,$2.65 /100g,,,,https://www.metro.ca/en/online-grocery/search-page-449
OCEAN SPRAY,Diet Cranberry Lemonade Cocktail,1.89 L,"$5.49
 ea.",,$0.29 /100ml,,,https://product-images.metro.ca/images/h67/h98/11829767831582.jpg,https://www.metro.ca/en/online-grocery/search-page-449
NESCAFÉ,Instant Coffee With Chicory,100 g,"$8.49
 ea.",,$8.49 /100g,,,https://product-images.metro.ca/images/hbb/hdd/10118509133854.jpg,https://www.metro.ca/en/online-grocery/search-page-449
CHARLEVOISIENNE,Pork Terrine With Pistachios,125 g,"$4.99
 ea.",,$3.99 /100g,,,https://product-images.metro.ca/images/h6c/h50/11449561939998.jpg,https://www.metro.ca/en/online-grocery/search-page-449
RIVIERA,Salted Cultured Butter In A Small Jar,125 g,"$5.29
 ea.",,$4.23 /100g,"Regular price
$5.99  ea.","Valid until Feb 14, 2024",https://product-images.metro.ca/images/h9e/hcb/11570807767070.jpg,https://www.metro.ca/en/online-grocery/search-page-449
DENTALIFE,"Oral Care Dog Treats For Medium Dogs, Chews",248 g,"$3.99
 ea.",,$1.61 /100g,"Regular price
$4.49  ea.","Valid until Jan 10, 2024",,https://www.metro.ca/en/online-grocery/search-page-449
IRRESISTIBLES,Whole Natural Almonds,300 g,"$7.99
 ea.",,$2.66 /100g,,,https://product-images.metro.ca/images/hfe/h50/9051561000990.jpg,https://www.metro.ca/en/online-grocery/search-page-449
KIJU,Organic Mango Orange Juice,4x200 mL,"$4.29
 ea.",,$0.54 /100ml,,,https://product-images.metro.ca/images/h85/hde/10521697779742.jpg,https://www.metro.ca/en/online-grocery/search-page-449
TRADITION,"Cranberry Juice, Health Vision",950 mL,"$7.49
 ea.",,$0.79 /100ml,"Regular price
$7.99  ea.","Valid until Jan 17, 2024",,https://www.metro.ca/en/online-grocery/search-page-449
WHISKAS,"Chicken Flavoured Adult Cat Food, Meaty Selections",9.1 kg,"$35.99
 ea.",,$0.40 /100g,"Regular price
$40.49  ea.","Valid until Jan 24, 2024",,https://www.metro.ca/en/online-grocery/search-page-449
OLD EL PASO,Soft Tacobake Dinner Kit,312 g,"$6.99
 ea.",,$2.24 /100g,,,https://product-images.metro.ca/images/h75/h43/9957629329438.jpg,https://www.metro.ca/en/online-grocery/search-page-449
GRAND-MAMAN MARIE,Sponge Flan,100 g,"$4.79
 ea.",,$4.79 /100g,,,https://product-images.metro.ca/images/ha8/h1a/11541046689822.jpg,https://www.metro.ca/en/online-grocery/search-page-449
BOLTHOUSE FARMS,"Mocha Cappuccino Coffee Beverage, Perfectly Protein",946 mL,"$7.99
 ea.",,$0.84 /100ml,,,,https://www.metro.ca/en/online-grocery/search-page-449
CESAR,"Filet Mignon Flavoured Dog Treats, Double Delights",150 g,"$3.99
 ea.",,$2.66 /100g,,,,https://www.metro.ca/en/online-grocery/search-page-449
CLOVER LEAF,Brisling Sardines In Olive Oil,106 g,"$3.99
 ea.",,$3.76 /100g,,,https://product-images.metro.ca/images/he7/h8a/11401304211486.jpg,https://www.metro.ca/en/online-grocery/search-page-449
IRRESISTIBLES,Rustic Ciabatta Rolls,75 g,"$1.59
 ea.",,$2.12 /100g,,,https://product-images.metro.ca/images/hfd/hb8/8912930766878.jpg,https://www.metro.ca/en/online-grocery/search-page-449
AGGA COFFEE,Lungo Nespresso® Coffee Pods,10 un,"$6.99
 ea.",,$0.70 /un.,,,https://product-images.metro.ca/images/h0b/h79/12050663538718.jpg,https://www.metro.ca/en/online-grocery/search-page-449
FRESH GOURMET,Authentic Wonton Strips,99 g,"$3.99
 ea.",,$4.03 /100g,"Regular price
$4.99  ea.","Valid until Jan 10, 2024",https://product-images.metro.ca/images/h07/h34/11257094766622.jpg,https://www.metro.ca/en/online-grocery/search-page-449
PEPSI,"Zero Calorie Soft Drink, Max",2 L,"2 / 
$6.00",,$0.15 /100ml,"Regular price
$3.49  ea.","Valid until Jan 24, 2024",,https://www.metro.ca/en/online-grocery/search-page-449
SMOKY BAY,Australian White Wine,4 L,"$48.49
 ea.",,$1.21 /100ml,,,https://product-images.metro.ca/images/hc6/he0/9519161049118.jpg,https://www.metro.ca/en/online-grocery/search-page-449
ASTRO,"3.25% Banana Cream Flavoured Balkan Style Yogurt, Or...",650 g,"$4.69
 ea.",,$0.72 /100g,,,,https://www.metro.ca/en/online-grocery/search-page-449
SPLENDA,No Calorie Sweetener Packets,200 un,"$12.99
 ea.",,$6.50 /100g,"Regular price
$13.99  ea.","Valid until Jan 10, 2024",https://product-images.metro.ca/images/haf/hca/12050761908254.jpg,https://www.metro.ca/en/online-grocery/search-page-449
THREE FARMERS,Sea Salt Roasted Chickpeas,120 g,"$5.49
 ea.",,$4.57 /100g,,,https://product-images.metro.ca/images/ha6/h2e/10152884207646.jpg,https://www.metro.ca/en/online-grocery/search-page-449
CARR'S,Cracked Pepper Table Water® Crackers,125 g,"$3.99
 ea.",,$3.19 /100g,,,https://product-images.metro.ca/images/h7a/h71/9680444981278.jpg,https://www.metro.ca/en/online-grocery/search-page-449
IRRESISTIBLES,Rosemary Leaves,32 g,"$2.99
 ea.",,$9.34 /100g,,,https://product-images.metro.ca/images/h7f/h05/8988363325470.jpg,https://www.metro.ca/en/online-grocery/search-page-449
PURE LEAF,Raspberry Flavoured Iced Tea,547 mL,"$2.99
 ea.",,$0.55 /100ml,,,https://product-images.metro.ca/images/hd5/h25/9526308634654.jpg,https://www.metro.ca/en/online-grocery/search-page-449
TRE STELLE,Organic Cream Cheese Spread,200 g,"$4.49
 ea.",,$2.25 /100g,,,https://product-images.metro.ca/images/h07/h84/10882781085726.jpg,https://www.metro.ca/en/online-grocery/search-page-450
AKI SUSHI,Vegan Poke Bowl,360 g,"$12.99
 ea.",,$3.61 /100g,,,https://product-images.metro.ca/images/he3/h28/11195859271710.jpg,https://www.metro.ca/en/online-grocery/search-page-450
NATURE'S PATH,Organic Whole Grain Cereal,750 g,"$11.99
 ea.",,$1.60 /100g,,,https://product-images.metro.ca/images/h19/h26/12122107772958.jpg,https://www.metro.ca/en/online-grocery/search-page-450
WHISKAS,"Chicken Flavoured Adult Cat Food, Indoor Cat",1.5 kg,"$10.49
 ea.",,$0.70 /100g,"Regular price
$11.49  ea.","Valid until Jan 24, 2024",,https://www.metro.ca/en/online-grocery/search-page-450
BETTY CROCKER,Confetti Angel Food Cake Mix,430 g,"$4.49
 ea.",,$1.04 /100g,,,https://product-images.metro.ca/images/h7f/hea/9883008106526.jpg,https://www.metro.ca/en/online-grocery/search-page-450
,Bag Of Organic Limes,454 g,"$4.99
 ea.",,$1.10 /100g,,,https://product-images.metro.ca/images/hb6/h14/9023824494622.jpg,https://www.metro.ca/en/online-grocery/search-page-450
STASH,Caffeine Free Chamomile Nights Herbal Tea,20 un,"$6.49
 ea.",,$0.32 /un.,,,https://product-images.metro.ca/images/h05/he7/12083899236382.jpg,https://www.metro.ca/en/online-grocery/search-page-450
GERBER,"Blueberry And Vanilla Flavoured Wholegrain, Rice An...",42 g,"$4.99
 ea.",,$11.88 /100g,,,,https://www.metro.ca/en/online-grocery/search-page-450
DORSET CEREALS,"Super Cranberry, Cherry & Almond Muesli Cereals",540 g,"$7.49
 ea.",,$1.39 /100g,"Regular price
$8.99  ea.","Valid until Feb 7, 2024",https://product-images.metro.ca/images/h2c/h3f/11243992481822.jpg,https://www.metro.ca/en/online-grocery/search-page-450
CHOCOLATS FAVORIS,Cookie Dough Milk Chocolate Fondue,215 g,"$8.99
 ea.",,$4.18 /100g,,,https://product-images.metro.ca/images/h7d/h17/8969567207454.jpg,https://www.metro.ca/en/online-grocery/search-page-450
NESCAFÉ,"Mocha Coffee Mix, Gold",8x18 g,"$7.29
 ea.",,$5.06 /100g,,,,https://www.metro.ca/en/online-grocery/search-page-450
YVES VEGGIE CUISINE,Kale And Caramelized Onion Plant-Based Sausages,400 g,"$9.99
 ea.",,$2.50 /100g,,,https://product-images.metro.ca/images/hd8/h9f/9522792661022.jpg,https://www.metro.ca/en/online-grocery/search-page-450
PRIMO,Oven-Ready Cannelloni Pasta,250 g,"$3.99
 ea.",,$1.60 /100g,,,https://product-images.metro.ca/images/hf2/h8f/10151799586846.jpg,https://www.metro.ca/en/online-grocery/search-page-450
DOVE,Fresh Clean 2 In 1 Fortifying Shampoo And Conditione...,355 mL,"$6.99
 ea.",,$1.97 /100ml,,,,https://www.metro.ca/en/online-grocery/search-page-450
NIVEA,Mild Scent Almond Oil Shower Cream,500 ml,"$6.99
 ea.",,$1.40 /100ml,,,https://product-images.metro.ca/images/h72/hbe/12018707464222.jpg,https://www.metro.ca/en/online-grocery/search-page-450
AKI SUSHI,Rice Paper For Haru-Makis & Sushi Rolls,400 g,"$6.49
 ea.",,$1.62 /100g,,,https://product-images.metro.ca/images/hf2/h58/9438019289118.jpg,https://www.metro.ca/en/online-grocery/search-page-450
IRRESISTIBLES,Roasted And Salted Sunflower Seeds,300 g,"$3.99
 ea.",,$1.33 /100g,,,https://product-images.metro.ca/images/hc0/h6c/10390744301598.jpg,https://www.metro.ca/en/online-grocery/search-page-450
E.D.SMITH,Strawberry Pie Filling,540 mL,"$6.99
 ea.",,$1.29 /100ml,,,https://product-images.metro.ca/images/hfa/he5/9823760515102.jpg,https://www.metro.ca/en/online-grocery/search-page-450
LACTANTIA,"0% Skim Milk, PurFiltre",1.5 L,"$5.29
 ea.",,$0.35 /100ml,,,,https://www.metro.ca/en/online-grocery/search-page-450
SELECTION,Reduced Salt Flakes Of Ham,156 g,"$3.29
 ea.",,$2.11 /100g,,,https://product-images.metro.ca/images/haa/hf7/10904126259230.jpg,https://www.metro.ca/en/online-grocery/search-page-450
OASIS,Tomato Cocktail Juice,960 ml,"$2.99
 ea.",,$0.31 /100ml,,,https://product-images.metro.ca/images/h0e/h90/10390639706142.jpg,https://www.metro.ca/en/online-grocery/search-page-450
ALLEN'S,Red Wine Vinegar,500 mL,"$1.99
 ea.",,$0.40 /100ml,"Regular price
$2.79  ea.","Valid until Feb 7, 2024",https://product-images.metro.ca/images/h99/h61/9693916725278.jpg,https://www.metro.ca/en/online-grocery/search-page-450
EMMI,Classic Swiss Raclette,200g,"$11.99
 ea.",,$6.00 /100g,"Regular price
$13.49  ea.","Valid until Jan 17, 2024",https://product-images.metro.ca/images/h0c/hb9/11154060181534.jpg,https://www.metro.ca/en/online-grocery/search-page-450
OLIVIERI,Braised Beef Ravioli,500 g,"$11.49
 ea.",,$2.30 /100g,,,https://product-images.metro.ca/images/hf9/h65/10727319437342.jpg,https://www.metro.ca/en/online-grocery/search-page-450
ALWAYS,"Unscented Pads With Wings Super Absorbency Size 2, U...",32 un,"$10.49
 ea.",,$0.33 /un.,,,,https://www.metro.ca/en/online-grocery/search-page-450
QI'A,Superseeds & Grains Pure Oats Oatmeal Packets,6x38 g,"$5.49
 ea.",,$2.41 /100g,"Regular price
$7.29  ea.","Valid until Feb 7, 2024",https://product-images.metro.ca/images/hf6/h3b/9518759084062.jpg,https://www.metro.ca/en/online-grocery/search-page-450
STASH,Caffeine Free Peppermint Herbal Tea,20 un,"$6.49
 ea.",,$0.32 /un.,,,https://product-images.metro.ca/images/he0/ha8/12083881279518.jpg,https://www.metro.ca/en/online-grocery/search-page-450
NUTS TO YOU NUT BUTTER,Smooth Peanut Butter,500 g,"$5.99
 ea.",,$1.20 /100g,,,https://product-images.metro.ca/images/he6/h68/11412547797022.jpg,https://www.metro.ca/en/online-grocery/search-page-450
LE FORÊT NOIRE,Canadian Sparkling Wine,750 mL,"$11.99
 ea.",,$1.60 /100ml,"Regular price
$13.29  ea.","Valid until Feb 7, 2024",https://product-images.metro.ca/images/h03/h25/11477865857054.jpg,https://www.metro.ca/en/online-grocery/search-page-450
LYSOL,Continuous Action® Toilet Bowl Cleaner,100 g,"$4.79
 ea.",,$4.79 /100g,,,https://product-images.metro.ca/images/hef/h43/9658045071390.jpg,https://www.metro.ca/en/online-grocery/search-page-450
BÉGHIN SAY,"Golden Cane Sugar Lumps, Blonvilliers",1 kg,"$8.79
 ea.",,$0.88 /100g,,,,https://www.metro.ca/en/online-grocery/search-page-451
NANDO'S,XX Hot Piri Piri Sauce,250 mL,"$6.29
 ea.",,$2.52 /100ml,"Regular price
$7.99  ea.","Valid until Jan 24, 2024",https://product-images.metro.ca/images/ha6/hbe/11374883799070.jpg,https://www.metro.ca/en/online-grocery/search-page-451
PRÉSIDENT,Grated Emmental,100 g,"$4.79
 ea.",,$4.79 /100g,"Regular price
$5.19  ea.","Valid until Jan 17, 2024",https://product-images.metro.ca/images/h38/hcd/11360558350366.jpg,https://www.metro.ca/en/online-grocery/search-page-451
CASAL DOMINGO,Pear Flavoured Non-Alcoholic Wine Beverage,355 mL,"3 / 
$4.50",,$0.42 /100ml,"Regular price
$2.49  ea.","Valid until Feb 7, 2024",https://product-images.metro.ca/images/hf2/h1e/10062201487390.jpg,https://www.metro.ca/en/online-grocery/search-page-451
BOLTHOUSE FARMS,"Chocolate Protein Shake, Protein Plus",946 mL,"$7.99
 ea.",,$0.84 /100ml,,,,https://www.metro.ca/en/online-grocery/search-page-451
TIM HORTONS,"Original Blend K-Cup® Coffee Pods, Keurig",30 un,"$23.99
 ea.",,$0.80 /un.,,,,https://www.metro.ca/en/online-grocery/search-page-451
BABYBEL,Lactose Free Mini Swiss Tasting Cheeses,6x20 g,"$3.79
 ea.",,$3.16 /100g,"Regular price
$5.29  ea.","Valid until Jan 10, 2024",https://product-images.metro.ca/images/h01/h6a/9532971253790.jpg,https://www.metro.ca/en/online-grocery/search-page-451
SNOWDON BAKERY,Sliced Twist Challa Bread,625 g,"$7.79
 ea.",,$1.25 /100g,,,https://product-images.metro.ca/images/h56/h6a/8860418736158.jpg,https://www.metro.ca/en/online-grocery/search-page-451
,Mixed Pearl Onions,175 g,"2 / 
$5.00",,$1.43 /100g,"Regular price
$3.49  ea.","Valid until Jan 17, 2024",https://www.metro.ca/images/shared/placeholders/icon-no-picture.svg?v=2023.71.1.d1,https://www.metro.ca/en/online-grocery/search-page-451
ONE STEP,Hand Sanitizer,236 ml,"$4.49
 ea.",,$1.90 /100ml,,,https://product-images.metro.ca/images/h80/h07/11449601032222.jpg,https://www.metro.ca/en/online-grocery/search-page-451
,Washed Yellow Creamer Potatoes,1.5 lb,"$3.99
 ea.",,$0.59 /100g,,,https://product-images.metro.ca/images/h85/h2f/8896603881502.jpg,https://www.metro.ca/en/online-grocery/search-page-451
,Nutella® Filled Mini Croissants,4x65 g,"$5.49
 ea.",,$2.11 /100g,,,https://product-images.metro.ca/images/h3b/h76/8859994587166.jpg,https://www.metro.ca/en/online-grocery/search-page-451
OLD SPICE,Pure Sport Scented Antiperspirant And Deodorant Stic...,85 g,"$5.99
 ea.",,$7.05 /100g,,,,https://www.metro.ca/en/online-grocery/search-page-451
NESTLÉ,"Real Peppermint Flavoured Milk Chocolate Bar, Aero",135 g,"$5.79
 ea.",,$4.29 /100g,,,,https://www.metro.ca/en/online-grocery/search-page-451
CASCADE,"Fresh Scented Dishwasher Detergent Pacs, Complete Ac...",48 un,"$19.99
 ea.",,$0.42 /un.,,,,https://www.metro.ca/en/online-grocery/search-page-451
JAMIESON,"Calcium, Magnesium And Vitamin D3",200 un,"$14.49
 ea.",,$0.07 /un.,,,https://product-images.metro.ca/images/hc0/h76/11665399742494.jpg,https://www.metro.ca/en/online-grocery/search-page-451
PAM,Coconut Oil No-Stick Cooking Spray,113 g,"$5.79
 ea.",,$5.12 /100g,"Regular price
$6.79  ea.","Valid until Feb 7, 2024",https://product-images.metro.ca/images/h1d/h51/10389159444510.jpg,https://www.metro.ca/en/online-grocery/search-page-451
CATCH OF THE DAY,Frozen Haddock Fillets,580 g,"$17.99
 ea.",,$3.10 /100g,,,https://product-images.metro.ca/images/h1b/h33/9523312230430.jpg,https://www.metro.ca/en/online-grocery/search-page-451
CHOCOLATS FAVORIS,Salted Caramel Milk Chocolate Fondue,425 g,"$13.99
 ea.",,$3.29 /100g,,,https://product-images.metro.ca/images/h3e/hd4/10333770022942.jpg,https://www.metro.ca/en/online-grocery/search-page-451
CIDRERIE ST-NICOLAS,Sparkling Apple Must,750 mL,"$8.99
 ea.",,$1.20 /100ml,"Regular price
$9.99  ea.","Valid until Jan 17, 2024",https://product-images.metro.ca/images/h56/hca/8831771541534.jpg,https://www.metro.ca/en/online-grocery/search-page-451
PREMIÈRE MOISSON,Praline Chocolate Cake,85.8 g,"$4.49
 ea.",,$5.23 /100g,,,https://product-images.metro.ca/images/h2d/h96/8912932929566.jpg,https://www.metro.ca/en/online-grocery/search-page-451
SMITHWICK'S,Irish Red Ale Beer,4x500 mL - cans,"2 / 
$23.98",,or $13.99 ea. $0.60 /100ml,,"Valid until Feb 7, 2024",https://product-images.metro.ca/images/h4a/h6d/10081770471454.jpg,https://www.metro.ca/en/online-grocery/search-page-451
NATURE'S PATH,Organic Ancient Grain Cereal,750 g,"$11.99
 ea.",,$1.60 /100g,,,https://product-images.metro.ca/images/h8e/h15/11816867364894.jpg,https://www.metro.ca/en/online-grocery/search-page-451
FANCY FEAST,"Wild Salmon With Vegetable In Sauce Wet Cat Food, Me...",85 g,"$1.49
 ea.",,$1.75 /100g,,,,https://www.metro.ca/en/online-grocery/search-page-451
BIOITALIA,Organic Macaroni,500 g,"$3.49
 ea.",,$0.70 /100g,,,https://product-images.metro.ca/images/h0e/h82/11829797748766.jpg,https://www.metro.ca/en/online-grocery/search-page-451
TIPIAK,"Quinoa And Bulgur, Gourmand",350 g,"$7.79
 ea.",,$2.23 /100g,,,,https://www.metro.ca/en/online-grocery/search-page-451
ALEXIS DE PORTNEUF,Caronzola Soft Blue-Veined Cheese,125 g,"$6.49
 ea.",,$5.19 /100g,"Regular price
$7.29  ea.","Valid until Jan 17, 2024",https://product-images.metro.ca/images/h37/h26/10433045102622.jpg,https://www.metro.ca/en/online-grocery/search-page-451
VILEDA,Glass Ceramic Scrunge® Sponge,2 un,"$6.99
 ea.",,$3.50 /un.,,,https://product-images.metro.ca/images/h93/hba/9529629114398.jpg,https://www.metro.ca/en/online-grocery/search-page-451
TWININGS,Jasmine Green Tea,20 un,"$5.79
 ea.",,$0.29 /un.,,,https://product-images.metro.ca/images/h11/hc2/11665359503390.jpg,https://www.metro.ca/en/online-grocery/search-page-451
SUNNY D,Tangy Original Citrus Punch,1.18 L,"$2.99
 ea.",,$0.25 /100ml,,,https://product-images.metro.ca/images/hfb/h04/11892982743070.jpg,https://www.metro.ca/en/online-grocery/search-page-451
CEDAR,Black Eye Peas,540 mL,"$1.99
 ea.",,$0.37 /100ml,"Regular price
$2.79  ea.","Valid until Jan 24, 2024",https://product-images.metro.ca/images/h7b/h30/8891031683102.jpg,https://www.metro.ca/en/online-grocery/search-page-452
,Chocolate Eclairs With Cream Filling,4x80 g,"$8.99
 ea.",,$2.81 /100g,,,https://product-images.metro.ca/images/hb2/h4c/9181577871390.jpg,https://www.metro.ca/en/online-grocery/search-page-452
IRRESISTIBLES,Mango And Poblano Pepper Salsa,430 mL,"$5.49
 ea.",,$1.28 /100ml,,,https://product-images.metro.ca/images/hed/h8e/9685019295774.jpg,https://www.metro.ca/en/online-grocery/search-page-452
IRRESISTIBLES,Sea Salt Whole Cashew Nuts,300 g,"$12.99
 ea.",,$4.33 /100g,,,https://product-images.metro.ca/images/hff/hb7/9064785444894.jpg,https://www.metro.ca/en/online-grocery/search-page-452
NIVEA,Refreshingly Soft Moisturizing Cream,200 ml,"$13.29
 ea.",,$6.65 /100ml,,,https://product-images.metro.ca/images/haa/h40/10841440092190.jpg,https://www.metro.ca/en/online-grocery/search-page-452
BLUE DRAGON,Oyster Original Sauce,150 mL,"$3.49
 ea.",,$2.33 /100ml,"Regular price
$4.19  ea.","Valid until Jan 24, 2024",https://product-images.metro.ca/images/h10/h77/9848590925854.jpg,https://www.metro.ca/en/online-grocery/search-page-452
ENERGIZER,"AA Alkaline Batteries, Max",20 un,"$21.99
 ea.",,$1.10 /un.,,,,https://www.metro.ca/en/online-grocery/search-page-452
SELECTION,Fudge Dairy Bars,24x60 mL,"$8.29
 ea.",,$13.82 /100ml,,,https://product-images.metro.ca/images/hc8/h81/11521303281694.jpg,https://www.metro.ca/en/online-grocery/search-page-452
IRRESISTIBLES,"Lactose-Free Part Skim Mozzarella Cheese, Organic",200 g,"$6.99
 ea.",,$3.50 /100g,"Regular price
$7.49  ea.","Valid until Feb 14, 2024",,https://www.metro.ca/en/online-grocery/search-page-452
FOGO,Portuguese Red Wine,750 mL,"$12.99
 ea.",,$1.30 /100ml,,,https://product-images.metro.ca/images/h5f/h12/10529512685598.jpg,https://www.metro.ca/en/online-grocery/search-page-452
SNOWDON BAKERY,Austrian Sesame Bread,625 g,"$6.99
 ea.",,$1.12 /100g,,,https://product-images.metro.ca/images/hd1/h55/8861253992478.jpg,https://www.metro.ca/en/online-grocery/search-page-452
CHOCOLATS FAVORIS,Original Dark Chocolate Fondue,425 g,"$13.99
 ea.",,$3.29 /100g,,,https://product-images.metro.ca/images/h01/h84/10333756489758.jpg,https://www.metro.ca/en/online-grocery/search-page-452
KOOL-AID,Grape Drink Mix,48 mL,"$3.99
 ea.",,$8.31 /100ml,"Regular price
$4.99  ea.","Valid until Jan 24, 2024",https://product-images.metro.ca/images/h8b/ha6/9986743107614.jpg,https://www.metro.ca/en/online-grocery/search-page-452
BOB'S RED MILL,Gluten Free Nutritional Yeast In Large Flakes,142 g,"$8.79
 ea.",,$6.19 /100g,"Regular price
$10.49  ea.","Valid until Feb 7, 2024",https://product-images.metro.ca/images/h2e/h12/11994768179230.jpg,https://www.metro.ca/en/online-grocery/search-page-452
ST-MICHEL,Butter Biscuits With Sea Salt,150 g,"$4.69
 ea.",,$3.13 /100g,"Regular price
$5.49  ea.","Valid until Jan 24, 2024",https://product-images.metro.ca/images/h08/h58/11829804531742.jpg,https://www.metro.ca/en/online-grocery/search-page-452
SCHNEIDERS,Frozen Breakfast Sausage Rounds,375 g,"$8.99
 ea.",,$2.40 /100g,,"Valid until Jan 10, 2024",https://product-images.metro.ca/images/h8f/h44/9522848497694.jpg,https://www.metro.ca/en/online-grocery/search-page-452
STARBURST,Original Fruit Flavoured Candies,191 g,"$3.69
 ea.",,$1.93 /100g,"Regular price
$4.19  ea.","Valid until Jan 24, 2024",https://product-images.metro.ca/images/h58/h8b/12050649612318.jpg,https://www.metro.ca/en/online-grocery/search-page-452
SPITZ,Spicy Sweet Chili Flavoured Sunflower Seeds,210 g,"$2.99
 ea.",,$1.42 /100g,,,https://product-images.metro.ca/images/hda/hb1/11386220675102.jpg,https://www.metro.ca/en/online-grocery/search-page-452
SELECTION,Extra Creamy Macaroni And Cheddar Cheese Dinner,200 g,"$0.99
 ea.",,$0.50 /100g,"Regular price
$1.59  ea.","Valid until Jan 24, 2024",https://product-images.metro.ca/images/hbb/hb1/12174896398366.jpg,https://www.metro.ca/en/online-grocery/search-page-452
METROGO!,Pork Tenderloin Skewers With Vegetables,2 brochettes per tray,"$10.90
 avg. ea.",(450 g avg.),$24.23 /kg$10.99 /lb.,"Regular price
$26.43  avg. kg","Valid until Jan 10, 2024",https://product-images.metro.ca/images/h25/h59/11044795056158.jpg,https://www.metro.ca/en/online-grocery/search-page-452
ABBAYE DE SAINT-BENOÎT-DU-LAC,Frère Jacques Lactose Free Firm Cheese,1 piece,"$7.67
 avg. ea.",(145 g avg.),$52.90 /kg$24.00 /lb.,,,https://product-images.metro.ca/images/h6b/h35/8868623450142.jpg,https://www.metro.ca/en/online-grocery/search-page-452
HEIDI,"Milk Chocolate Bar With Almonds, Grand'Or",100 g,"$3.49
 ea.",,$3.49 /un.,"Regular price
$4.99  ea.","Valid until Jan 24, 2024",,https://www.metro.ca/en/online-grocery/search-page-452
SAPPORO ICHIBAN,Shrimp Japanese Noodle Soup Mix,100 g,"$1.59
 ea.",,$1.59 /100g,,,https://product-images.metro.ca/images/h92/hcc/11281580720158.jpg,https://www.metro.ca/en/online-grocery/search-page-452
GATORADE,Frost Glacier Freeze Flavoured Sport Drink Beverage ...,560 g,"$6.49
 ea.",,$1.16 /100g,"Regular price
$6.99  ea.","Valid until Jan 24, 2024",,https://www.metro.ca/en/online-grocery/search-page-452
PRANA,Probiotics Ground Black Chia Seeds,200 g,"$8.29
 ea.",,$4.15 /100g,,,https://product-images.metro.ca/images/h43/h81/11816794914846.jpg,https://www.metro.ca/en/online-grocery/search-page-452
CLUB HOUSE,Imitation French Vanilla Extract,43 mL,"$3.99
 ea.",,$9.28 /100ml,,,https://product-images.metro.ca/images/h01/hfc/10918217318430.jpg,https://www.metro.ca/en/online-grocery/search-page-452
LA MILANAISE,Organic Unbleached Pastry White Flour,2 kg,"$9.29
 ea.",,$0.46 /100g,,,https://product-images.metro.ca/images/h30/h83/11816845475870.jpg,https://www.metro.ca/en/online-grocery/search-page-452
SELECTION,"Soft Drink, Cream Soda",12x355 mL,"$5.79
 ea.",,$0.14 /100ml,,,,https://www.metro.ca/en/online-grocery/search-page-452
MINUTE RICE,Jasmine Rice,500 g,"$5.49
 ea.",,$1.10 /100g,,,https://product-images.metro.ca/images/h7c/hf9/11198041587742.jpg,https://www.metro.ca/en/online-grocery/search-page-452
TWININGS,Lady Grey Tea,20 un,"$5.79
 ea.",,$0.29 /un.,,,https://product-images.metro.ca/images/h14/he6/11665346756638.jpg,https://www.metro.ca/en/online-grocery/search-page-452
ENSURE,"Strawberry Flavoured Meal Replacement, High Protein",6x235 ml,"$16.99
 ea.",,$1.20 /100ml,,,,https://www.metro.ca/en/online-grocery/search-page-453
DOVE,"Clean Comfort Non Irritant Antiperspirant Stick, Men...",76 g,"$8.49
 ea.",,$11.17 /100g,,,,https://www.metro.ca/en/online-grocery/search-page-453
ABBAYE DE SAINT-BENOÎT-DU-LAC,Mont Saint-Benoît Lactose Free Firm Cheese,1 piece,"$8.20
 avg. ea.",(155 g avg.),$52.90 /kg$24.00 /lb.,,,https://product-images.metro.ca/images/haa/h91/8869135319070.jpg,https://www.metro.ca/en/online-grocery/search-page-453
MCCAFÉ,"Decaffeinated Premium Roast Coffee T Discs, Tassimo",14 un,"$12.99
 ea.",,$0.93 /un.,,,,https://www.metro.ca/en/online-grocery/search-page-453
S SENSE,Blackcurrant And Blackberry Herbal Tea Bags,10 un,"$2.29
 ea.",,$0.23 /un.,"Regular price
$2.79  ea.","Valid until Feb 7, 2024",https://product-images.metro.ca/images/hc9/hd4/9532996124702.jpg,https://www.metro.ca/en/online-grocery/search-page-453
AIR WICK,Snuggle™ Fresh Linen Scented Oil Refills,2x20 ml,"$11.49
 ea.",,$28.73 /100ml,"Regular price
$12.99  ea.","Valid until Feb 7, 2024",https://product-images.metro.ca/images/h70/hb2/11614439309342.jpg,https://www.metro.ca/en/online-grocery/search-page-453
METROGO!,Smoked Salmon Bagel,1 un,"$6.99
 ea.",,$4.11 /100g,,,https://product-images.metro.ca/images/h9e/ha0/11930972389406.jpg,https://www.metro.ca/en/online-grocery/search-page-453
MRS DASH,Lemon Pepper Seasoning Blend,70 g,"$4.49
 ea.",,$6.41 /100g,,,https://product-images.metro.ca/images/h4d/hb4/10486542204958.jpg,https://www.metro.ca/en/online-grocery/search-page-453
OCEAN SPRAY,Cranberry & Pomegranate Juice,1.77 L,"$6.29
 ea.",,$0.36 /100ml,,,https://product-images.metro.ca/images/h5e/he4/10794070736926.jpg,https://www.metro.ca/en/online-grocery/search-page-453
SELECTION,Chocolate Flavoured Ice Milk,4 L,"$7.79
 ea.",,$0.19 /100ml,,,https://product-images.metro.ca/images/h95/hd5/9836405096478.jpg,https://www.metro.ca/en/online-grocery/search-page-453
TIM HORTONS,"Dark Roast K-Cup® Coffee Pods, Keurig",12 un,"$12.29
 ea.",,$1.02 /un.,,,,https://www.metro.ca/en/online-grocery/search-page-453
IRRESISTIBLES,Frozen Midnight Madness Cake,6 in - 650 g,"$20.99
 ea.",,$3.23 /100g,"Regular price
$22.49  ea.","Valid until Jan 17, 2024",https://product-images.metro.ca/images/hbe/hbb/8860297756702.jpg,https://www.metro.ca/en/online-grocery/search-page-453
METROGO!,"Italian-Style Veal Meatballs, Value Pack",,"$22.99
 avg. ea.","(1,100 g avg.)",$20.90 /kg$9.48 /lb.,,,,https://www.metro.ca/en/online-grocery/search-page-453
AU P'TIT MARCHÉ,Frozen Seafood Chowder,275 g,"$5.99
 ea.",,$2.18 /100g,,,https://product-images.metro.ca/images/hf6/hd3/11401291759646.jpg,https://www.metro.ca/en/online-grocery/search-page-453
OKA,Light Cheese,190 g,"$10.49
 ea.",,$5.52 /100g,,,https://product-images.metro.ca/images/heb/hdd/10944290226206.jpg,https://www.metro.ca/en/online-grocery/search-page-453
SELECTION,Red Kidney Beans,900 g,"$2.99
 ea.",,$0.33 /100g,"Regular price
$3.39  ea.","Valid until Jan 24, 2024",https://product-images.metro.ca/images/h84/hf4/8954153893918.jpg,https://www.metro.ca/en/online-grocery/search-page-453
KRISPY KERNELS,Roasted And Salted Almonds,225 g,"$8.49
 ea.",,$3.77 /100g,,,https://product-images.metro.ca/images/hc1/hec/12050677202974.jpg,https://www.metro.ca/en/online-grocery/search-page-453
BEATRICE,2% Egg Nog,1 L,"$4.79
 ea.",,$0.48 /100ml,,,https://product-images.metro.ca/images/h48/h34/8913102143518.jpg,https://www.metro.ca/en/online-grocery/search-page-453
DAINTY,Brown Basmati Rice,900 g,"$8.49
 ea.",,$0.94 /100g,,,https://product-images.metro.ca/images/h27/h1f/11693767524382.jpg,https://www.metro.ca/en/online-grocery/search-page-453
CLUB HOUSE,"Seasoned Salt, La Grille",248 g,"$6.49
 ea.",,$2.62 /100g,,,,https://www.metro.ca/en/online-grocery/search-page-453
AQUA FUCHSIA,Organic Alfalfa And Carrot Sprouts,50 g,"$3.99
 ea.",,$5.32 /100g,,,https://product-images.metro.ca/images/h9b/h23/11461773525022.jpg,https://www.metro.ca/en/online-grocery/search-page-453
MARY'S ORGANIC CRACKERS,Super Seed Organic Crackers,155 g,"$7.29
 ea.",,$4.67 /100g,"Regular price
$8.99  ea.","Valid until Jan 24, 2024",https://product-images.metro.ca/images/h95/h70/10278098305054.jpg,https://www.metro.ca/en/online-grocery/search-page-453
WOWBUTTER,Crunchy Toasted Soy Spread,500 g,"$6.79
 ea.",,$1.36 /100g,,,https://product-images.metro.ca/images/hc8/hcb/11432752349214.jpg,https://www.metro.ca/en/online-grocery/search-page-453
OLIVIERI,Ricotta And Spinach Ravioli,600 g,"$11.49
 ea.",,$1.92 /100g,,,https://product-images.metro.ca/images/hd2/hb1/10727332708382.jpg,https://www.metro.ca/en/online-grocery/search-page-453
CLUB HOUSE,Organic Dill Weed,12 g,"$2.99
 ea.",,$24.92 /100g,"Regular price
$3.29  ea.","Valid until Feb 7, 2024",https://product-images.metro.ca/images/hb2/h14/11188461207582.jpg,https://www.metro.ca/en/online-grocery/search-page-453
GILLY,Frozen Pork Shrimp And Bok Choi Dumplings,900 g,"$9.99
 ea.",,$1.11 /100g,"Regular price
$10.99  ea.","Valid until Jan 17, 2024",https://product-images.metro.ca/images/hf0/h2e/9508231184414.jpg,https://www.metro.ca/en/online-grocery/search-page-453
SELECTION,"Ginger Flavoured Soft Drink, Ginger Ale",12x355 mL,"$5.79
 ea.",,$0.14 /100ml,,,,https://www.metro.ca/en/online-grocery/search-page-453
BIOITALIA,Organic Spaghetti,500 g,"$3.49
 ea.",,$0.70 /100g,,,https://product-images.metro.ca/images/h52/hd4/9836338511902.jpg,https://www.metro.ca/en/online-grocery/search-page-453
TWININGS,Goodnight Blend Herbal Tea Bags,20 un,"$5.79
 ea.",,$0.29 /un.,,,https://product-images.metro.ca/images/h97/h0f/11675977809950.jpg,https://www.metro.ca/en/online-grocery/search-page-453
DOVE,"Clean Comfort 1/4 Moisturizer Deodorant Stick, Men+Care",85 g,"$8.49
 ea.",,$9.99 /100g,,,,https://www.metro.ca/en/online-grocery/search-page-453
DENTYNE,"Assorted Gum, Ice",4 un,"$4.29
 ea.",,$1.07 /un.,,,,https://www.metro.ca/en/online-grocery/search-page-454
METROGO!,Garlic And Pepper Seasoned Chicken Drumsticks,4 drumsticks per tray,"$6.38
 avg. ea.",(500 g avg.),$12.76 /kg$5.79 /lb.,,,https://product-images.metro.ca/images/hc7/hec/9231693676574.jpg,https://www.metro.ca/en/online-grocery/search-page-454
SELECTION,Unsalted And Roasted Cashews,225 g,"$7.49
 ea.",,$3.33 /100g,,,https://product-images.metro.ca/images/h30/hb9/9927651393566.jpg,https://www.metro.ca/en/online-grocery/search-page-454
THAI KITCHEN,Sweet Red Chili Dipping And Cooking Sauce,200 mL,"$6.79
 ea.",,$3.40 /100ml,,,https://product-images.metro.ca/images/hc5/hff/11994731642910.jpg,https://www.metro.ca/en/online-grocery/search-page-454
ROYAL NUTS,Organic Raw Walnuts,140 g,"$9.99
 ea.",,$7.14 /100g,"Regular price
$10.99  ea.","Valid until Jan 10, 2024",https://product-images.metro.ca/images/hc5/h1e/11849408020510.jpg,https://www.metro.ca/en/online-grocery/search-page-454
WALKERS,Pure Butter Shortbread Cookies,140 g,"$4.99
 ea.",,$3.56 /100g,"Regular price
$6.99  ea.","Valid until Jan 24, 2024",https://product-images.metro.ca/images/hd9/hb1/11892956954654.jpg,https://www.metro.ca/en/online-grocery/search-page-454
IRRESISTIBLES,Frozen Raspberry Blast Cake,8 in - 1.15 kg,"$29.99
 ea.",,$2.69 /100g,,,https://product-images.metro.ca/images/h6f/h78/9693869146142.jpg,https://www.metro.ca/en/online-grocery/search-page-454
CANABEC,Frozen Duck Meat For Fondue,200 g,"$14.99
 ea.",,$7.50 /100g,"Regular price
$15.99  ea.","Valid until Jan 17, 2024",https://product-images.metro.ca/images/h1c/h40/9882899283998.jpg,https://www.metro.ca/en/online-grocery/search-page-454
BUSCH,Lager Beer,6x355 mL - cans,"$9.99
 ea.",,$0.47 /100ml,,,https://product-images.metro.ca/images/h72/hbf/10518833528862.jpg,https://www.metro.ca/en/online-grocery/search-page-454
BOULANGERIE AUGER,Oat And Roasted Sunflower Sliced Bread,600 g,"$4.99
 ea.",,$0.83 /100g,,,https://product-images.metro.ca/images/h0c/h15/9533329735710.jpg,https://www.metro.ca/en/online-grocery/search-page-454
EDGE,Sensitive Skin Shave Gel With Aloe,198 g,"$5.29
 ea.",,$2.67 /100g,,,https://product-images.metro.ca/images/hed/he9/10413162266654.jpg,https://www.metro.ca/en/online-grocery/search-page-454
MIO,Strawberry & Watermelon Flavoured Liquid Water Enhancer,48 mL,"$3.99
 ea.",,$8.31 /100ml,"Regular price
$4.59  ea.","Valid until Jan 24, 2024",https://product-images.metro.ca/images/he6/h95/9986730295326.jpg,https://www.metro.ca/en/online-grocery/search-page-454
,Skinless Chicken Thighs Without Back,4 thighs per tray,"$5.10
 avg. ea.",(400 g avg.),$12.76 /kg$5.79 /lb.,,,https://product-images.metro.ca/images/h20/h88/9233851088926.jpg,https://www.metro.ca/en/online-grocery/search-page-454
,"Fresh Meaty Tilapia Fillets, Value Pack, Value Pack",Around 2 fillets per tray,"$11.89
 avg. ea.",(450 g avg.),$26.43 /kg$11.99 /lb.,,,,https://www.metro.ca/en/online-grocery/search-page-454
GRIZZLY,Sliced Smoked Coho Salmon,60 g,"$7.99
 ea.",,$13.32 /100g,,,https://product-images.metro.ca/images/ha1/he6/9024061898782.jpg,https://www.metro.ca/en/online-grocery/search-page-454
ANCHOR'S BAY,Frozen Squid Rings,408 g,"$8.99
 ea.",,$2.20 /100g,,,https://product-images.metro.ca/images/ha9/h19/8918682337310.jpg,https://www.metro.ca/en/online-grocery/search-page-454
AKI SUSHI,Shrimp Tonkinese Soup,700 g,"$16.99
 ea.",,$2.43 /100g,,,https://product-images.metro.ca/images/h9f/h1d/11195834597406.jpg,https://www.metro.ca/en/online-grocery/search-page-454
PILAROS,Green Olives Stuffed With Red Pepper,375 mL,"$5.49
 ea.",,$1.46 /100ml,"Regular price
$6.79  ea.","Valid until Jan 24, 2024",https://product-images.metro.ca/images/h55/hc8/8845153370142.jpg,https://www.metro.ca/en/online-grocery/search-page-454
CASTELLO,"Blue Cheese Slices, Burger Blue",150 g,"$8.99
 ea.",,$5.99 /100g,,,,https://www.metro.ca/en/online-grocery/search-page-454
NESTLÉ,"Milk Chocolate Bar With Mint Centre, Aero",95 g,"$2.49
 ea.",,$2.57 /100g,"Regular price
$3.49  ea.","Valid until Jan 10, 2024",,https://www.metro.ca/en/online-grocery/search-page-454
PLAISIRS GASTRONOMIQUES,Beef Chili,450 g,"$9.99
 ea.",,$2.22 /100g,,,https://product-images.metro.ca/images/hf5/h5d/11754096066590.jpg,https://www.metro.ca/en/online-grocery/search-page-454
BUD LIGHT,Light Blonde Lager Beer,6x355 mL - cans,"$12.99
 ea.",,$0.61 /100ml,,,https://product-images.metro.ca/images/h20/ha2/10918241140766.jpg,https://www.metro.ca/en/online-grocery/search-page-454
,Frozen Cooked Mussel Meat,1.1 kg,"$15.99
 ea.",,$1.45 /100g,,,https://product-images.metro.ca/images/h23/h19/8843302076446.jpg,https://www.metro.ca/en/online-grocery/search-page-454
IRINI,Extra Virgin Olive Oil,750 mL,"$17.49
 ea.",,$2.33 /100ml,,,https://product-images.metro.ca/images/h00/hc7/9719506173982.jpg,https://www.metro.ca/en/online-grocery/search-page-454
ST. DALFOUR,Thick Apricot Extra Deluxe Spread,225 mL,"$7.49
 ea.",,$3.33 /100ml,,,https://product-images.metro.ca/images/hdd/h37/11541017657374.jpg,https://www.metro.ca/en/online-grocery/search-page-454
THAI KITCHEN,Spring Onion Instant Rice Noodle Soup,45 g,"$1.89
 ea.",,$4.20 /100g,,,https://product-images.metro.ca/images/h7b/h36/10170565034014.jpg,https://www.metro.ca/en/online-grocery/search-page-454
ALWAYS,"Regular Ultra Thin Pads With Wings, Ultra Thin",36 un,"$10.49
 ea.",,$0.29 /un.,,,,https://www.metro.ca/en/online-grocery/search-page-454
FROMAGERIE LA SUISSE NORMANDE,Le Pizy Soft Cheese,200 g,"$12.29
 ea.",,$6.15 /100g,,,https://product-images.metro.ca/images/hcd/h00/11477937815582.jpg,https://www.metro.ca/en/online-grocery/search-page-454
ENSURE,"Chocolate Flavoured Meal Replacement, Plus Calories",6x235 ml,"$16.99
 ea.",,$1.20 /100ml,,,,https://www.metro.ca/en/online-grocery/search-page-454
VILEDA,Super Twist Mop Refill,1 un,"$8.49
 ea.",,$8.49 /un.,,,https://product-images.metro.ca/images/h2a/h13/10183753924638.jpg,https://www.metro.ca/en/online-grocery/search-page-454
IRRESISTIBLES,"Triple Crème Brie Cheese, Artisan",175 g,"$7.99
 ea.",,$4.57 /100g,"Regular price
$8.49  ea.","Valid until Jan 17, 2024",,https://www.metro.ca/en/online-grocery/search-page-455
DION,Ground Cumin Seeds,31 g,"$2.99
 ea.",,$9.65 /100g,"Regular price
$3.39  ea.","Valid until Feb 7, 2024",https://product-images.metro.ca/images/ha1/h72/10239155142686.jpg,https://www.metro.ca/en/online-grocery/search-page-455
KOOL-AID,Cherry Drink Mix,48 mL,"$3.99
 ea.",,$8.31 /100ml,"Regular price
$4.99  ea.","Valid until Jan 24, 2024",https://product-images.metro.ca/images/h53/h4c/9986735570974.jpg,https://www.metro.ca/en/online-grocery/search-page-455
DUMET,Pitted Spanish Black Olives,150 g,"$4.99
 ea.",,$3.33 /100g,,,https://product-images.metro.ca/images/h4e/h88/9111692214302.jpg,https://www.metro.ca/en/online-grocery/search-page-455
IRRESISTIBLES,Frozen Watermelon Chunks,500 g,"3 / 
$12.99",,or $5.99 ea. $0.87 /100g,,"Valid until Feb 14, 2024",https://product-images.metro.ca/images/hb0/hcc/10009425084446.jpg,https://www.metro.ca/en/online-grocery/search-page-455
MÉRITE,Boston Cake With Strawberry Ganache,,"$22.49
 ea.",(980 ea. avg.),$2.29 /100g,,,https://product-images.metro.ca/images/hc1/h27/10724264181790.jpg,https://www.metro.ca/en/online-grocery/search-page-455
MOTT'S,"Glass Rimmer Seasonning, Clamato",200 g,"$5.99
 ea.",,$3.00 /100g,,,,https://www.metro.ca/en/online-grocery/search-page-455
VILEDA,"Heavy Duty Scouring Sponge, Scrunge",2 un,"$2.99
 ea.",,$2.99 /un.,"Regular price
$4.49  ea.","Valid until Feb 7, 2024",,https://www.metro.ca/en/online-grocery/search-page-455
SELECTION,Spaghetti Sauce Seasoning,110 g,"$3.99
 ea.",,$3.63 /100g,"Regular price
$4.99  ea.","Valid until Feb 7, 2024",https://product-images.metro.ca/images/h0d/h30/9651750010910.jpg,https://www.metro.ca/en/online-grocery/search-page-455
IRRESISTIBLES,Raisin And Cranberry Snack,325 g,"$6.99
 ea.",,$2.15 /100g,,,https://product-images.metro.ca/images/h33/h4f/9060337745950.jpg,https://www.metro.ca/en/online-grocery/search-page-455
VAN HOUTTE,Colombian Instant Coffee,100 g,"$7.99
 ea.",,$7.99 /100g,,,https://product-images.metro.ca/images/hbd/hd8/12018729189406.jpg,https://www.metro.ca/en/online-grocery/search-page-455
DOVE,"Extra Fresh Non Irritant Antiperspirant Stick, Men+Care",76 g,"$8.49
 ea.",,$11.17 /100g,,,,https://www.metro.ca/en/online-grocery/search-page-455
FLEECY,Aroma Therapy Calm Fabric Softener Sheets,80 sheets,"$5.49
 ea.",,$0.07 /load,"Regular price
$6.49  ea.","Valid until Feb 7, 2024",https://product-images.metro.ca/images/hcd/h08/11614439604254.jpg,https://www.metro.ca/en/online-grocery/search-page-455
OASIS,"Apple Juice, Classic",6x300 mL,"$5.69
 ea.",,$0.32 /100ml,,,,https://www.metro.ca/en/online-grocery/search-page-455
SELECTION,Frangrance-Free Hypoallergenic Fabric Softener Sheets,80 sheets,"$3.49
 ea.",,$0.04 /un.,"Regular price
$4.29  ea.","Valid until Feb 7, 2024",https://product-images.metro.ca/images/hda/hd6/11117336100894.jpg,https://www.metro.ca/en/online-grocery/search-page-455
LYSOL,Spring Waterfall Scented Automatic Toilet Bowl Cleaner,2x40 g,"$3.99
 ea.",,$4.99 /100g,"Regular price
$5.49  ea.","Valid until Feb 7, 2024",https://product-images.metro.ca/images/hc9/hb7/9763072311326.jpg,https://www.metro.ca/en/online-grocery/search-page-455
PURE LEAF,Peach Flavoured Iced Tea,547 mL,"$2.99
 ea.",,$0.55 /100ml,,,https://product-images.metro.ca/images/h02/h14/9526336552990.jpg,https://www.metro.ca/en/online-grocery/search-page-455
ARCHIBALD,"Pilsner Beer, La Brise Du Lac",473 mL - can,"$3.99
 ea.",,$0.84 /100ml,,,,https://www.metro.ca/en/online-grocery/search-page-455
METROGO!,Village Greek Salad,,"$7.99
 ea.",,$1.17 /100g,,,https://product-images.metro.ca/images/h55/h3e/8836997873694.jpg,https://www.metro.ca/en/online-grocery/search-page-455
SELECTION,"Diet Soft Drink, Red Cola",12x355 mL,"$5.79
 ea.",,$0.14 /100ml,,,,https://www.metro.ca/en/online-grocery/search-page-455
GIBIERS CANABEC,Demi-Glace Sauce,300 mL,"$6.99
 ea.",,$2.33 /100ml,,,https://product-images.metro.ca/images/h42/hbd/9883037827102.jpg,https://www.metro.ca/en/online-grocery/search-page-455
OCEAN SPRAY,Diet Blueberry Beverage,1.89 L,"$5.49
 ea.",,$0.29 /100ml,,,https://product-images.metro.ca/images/h0d/h8c/9910105997342.jpg,https://www.metro.ca/en/online-grocery/search-page-455
EL-MA-MIA,Spicy Seasoning For Spaghetti Meat Sauce With Less S...,110 g,"2 / 
$8.50",,$3.86 /100g,"Regular price
$4.99  ea.","Valid until Feb 7, 2024",,https://www.metro.ca/en/online-grocery/search-page-455
GLUCERNA,Vanilla Flavoured Meal Replacement,6x237 mL,"$16.99
 ea.",,$1.19 /100ml,,,https://product-images.metro.ca/images/h01/h59/11994755366942.jpg,https://www.metro.ca/en/online-grocery/search-page-455
SELECTION,"Caffeine-Free Diet Soft Drink, Cola",2 L,"$2.29
 ea.",,$0.11 /100ml,,,,https://www.metro.ca/en/online-grocery/search-page-455
SELECTION,Natural Whole Almonds,225 g,"$5.49
 ea.",,$2.44 /100g,"Regular price
$5.99  ea.","Valid until Jan 24, 2024",https://product-images.metro.ca/images/h7b/h2d/9742424211486.jpg,https://www.metro.ca/en/online-grocery/search-page-455
NESTLÉ,"Lemon Iced Tea Flavoured Liquid Water Enhancer, Nestea",52 mL,"$5.19
 ea.",,$9.98 /100ml,,,,https://www.metro.ca/en/online-grocery/search-page-455
IRRESISTIBLES,Deluxe Salted Mixed Nuts,300 g,"$8.99
 ea.",,$3.00 /100g,,,https://product-images.metro.ca/images/hf9/h48/9062679642142.jpg,https://www.metro.ca/en/online-grocery/search-page-455
,Chocolate Eclair With Custard Filling,115 g,"$2.99
 ea.",,$2.60 /100g,,,https://product-images.metro.ca/images/hc1/h33/8861201039390.jpg,https://www.metro.ca/en/online-grocery/search-page-455
AGGA COFFEE,Ristretto Nespresso® Coffee Pods,10 un,"$6.99
 ea.",,$0.70 /un.,,,https://product-images.metro.ca/images/hb1/h8c/12050650759198.jpg,https://www.metro.ca/en/online-grocery/search-page-455
JULES DESTROOPER,Butter Crumble Wafers,100 g,"$5.99
 ea.",,$5.99 /100g,,,https://product-images.metro.ca/images/h2d/h14/9533095772190.jpg,https://www.metro.ca/en/online-grocery/search-page-456
KRISPY KERNELS,Pearl Mix Of Dried Fruits & Nuts,250 g,"$5.49
 ea.",,$2.20 /100g,,,https://product-images.metro.ca/images/hb1/hd3/11590589710366.jpg,https://www.metro.ca/en/online-grocery/search-page-456
CEDAR,Light Red Kidney Beans,907 g,"$6.49
 ea.",,$0.72 /100g,,,https://product-images.metro.ca/images/ha8/h44/11590635487262.jpg,https://www.metro.ca/en/online-grocery/search-page-456
IRRESISTIBLES,Unsalted Mixed Nuts,300 g,"$8.99
 ea.",,$3.00 /100g,,,https://product-images.metro.ca/images/h37/h41/9062708740126.jpg,https://www.metro.ca/en/online-grocery/search-page-456
BENEFUL,"Beef, Rice And Vegetable Wet Dog Food, Prepared Meals",283 g,"2 / 
$6.00",,$1.06 /100g,"Regular price
$3.99  ea.","Valid until Jan 24, 2024",,https://www.metro.ca/en/online-grocery/search-page-456
ST. DALFOUR,Orange With Peels Deluxe Spread,225 mL,"$7.49
 ea.",,$3.33 /100ml,,,https://product-images.metro.ca/images/h9d/h60/11541018902558.jpg,https://www.metro.ca/en/online-grocery/search-page-456
RYVITA,Muesli Crunch Crispbread,200 g,"$4.19
 ea.",,$2.10 /100g,"Regular price
$4.99  ea.","Valid until Jan 24, 2024",https://product-images.metro.ca/images/h4f/h5d/11243907645470.jpg,https://www.metro.ca/en/online-grocery/search-page-456
METROGO!,Watermelon Chunks,,"$1.99
 ea.",,$0.80 /100g,,,https://product-images.metro.ca/images/h3c/had/8837095456798.jpg,https://www.metro.ca/en/online-grocery/search-page-456
NATURE'S PATH,Organic Flakes Cereal With Raisins,825 g,"$11.99
 ea.",,$1.45 /100g,,,https://product-images.metro.ca/images/h27/h1b/12083886129182.jpg,https://www.metro.ca/en/online-grocery/search-page-456
ALWAYS,"Long Super Pads, Ultra Thin",40 un,"$10.49
 ea.",,$0.26 /un.,,,,https://www.metro.ca/en/online-grocery/search-page-456
LOOK,Large Cooking Oven Bags,2 un,"$3.99
 ea.",,$2.00 /un.,,,https://product-images.metro.ca/images/h2b/h08/12263394607134.jpg,https://www.metro.ca/en/online-grocery/search-page-456
NATURE'S PATH,Organic Corn Flakes Cereal,750 g,"$11.99
 ea.",,$1.60 /100g,,,https://product-images.metro.ca/images/h31/h43/9680464085022.jpg,https://www.metro.ca/en/online-grocery/search-page-456
LES CULTURES DU LARGE,"Trésor Du Large Cocktail Oyster, Île-De-La-Madeleine",Sold individually,"$1.59
 ea.",,$0.02 /un.,,,,https://www.metro.ca/en/online-grocery/search-page-456
OLYMPIC,Organic 3% Vanilla Flavoured Yogurt,650 g,"$5.99
 ea.",,$0.92 /100g,,,https://product-images.metro.ca/images/h9d/h9e/10443185291294.jpg,https://www.metro.ca/en/online-grocery/search-page-456
FLAGRANTS DESIRS,Dark Chocolate 72% Cocoa With Cocoa Nibs,100 g,"$4.49
 ea.",,$4.49 /100g,,,https://product-images.metro.ca/images/h24/he9/10053717458974.jpg,https://www.metro.ca/en/online-grocery/search-page-456
VARIÉTÉS S.D.S INC,Host Cuttings,115 g,"$2.79
 ea.",,$2.43 /100g,,,https://product-images.metro.ca/images/h3d/h73/10183828111390.jpg,https://www.metro.ca/en/online-grocery/search-page-456
GILLY,Frozen Chicken And Cabbage Dumplings,900 g,"$9.99
 ea.",,$1.11 /100g,"Regular price
$10.99  ea.","Valid until Jan 17, 2024",https://product-images.metro.ca/images/h7f/he3/9508223025182.jpg,https://www.metro.ca/en/online-grocery/search-page-456
POGO,Frozen Cooked All Beef Weiners On A Stick,"8 wieners, 600 g","$12.99
 ea.",,$2.17 /100g,"Regular price
$13.99  ea.","Valid until Jan 17, 2024",https://product-images.metro.ca/images/h38/hea/9526421651486.jpg,https://www.metro.ca/en/online-grocery/search-page-456
AQUA FUCHSIA,Radish Daikon Kaiware,75 g,"$3.99
 ea.",,$5.32 /100g,,,https://product-images.metro.ca/images/h1f/ha5/11461774573598.jpg,https://www.metro.ca/en/online-grocery/search-page-456
HERDEZ,Hot Homemade Style Mexican Salsa,453 g,"$4.99
 ea.",,$1.10 /100g,,,https://product-images.metro.ca/images/h0f/h9e/9530096549918.jpg,https://www.metro.ca/en/online-grocery/search-page-456
CLUB HOUSE,Organic Onion Powder,44 g,"$2.99
 ea.",,$6.80 /100g,"Regular price
$3.29  ea.","Valid until Feb 7, 2024",https://product-images.metro.ca/images/h86/h49/11307127046174.jpg,https://www.metro.ca/en/online-grocery/search-page-456
DR. OETKER,"Frozen Kale, Ricotta And Bacon Thin Crust Pizza, Ris...",355 g,"$6.99
 ea.",,$1.97 /100g,"Regular price
$7.49  ea.","Valid until Feb 14, 2024",,https://www.metro.ca/en/online-grocery/search-page-456
MONDOUX,"Sweet And Sour Gummy Candy Mix, Sweet Sixteen",400 g,"$6.79
 ea.",,$1.70 /100g,,,,https://www.metro.ca/en/online-grocery/search-page-456
PRÉSIDENT,Rondelé Dordogne Nuts Flavoured Spreadable Cheese,125 g,"$5.29
 ea.",,$4.23 /100g,,,https://product-images.metro.ca/images/ha6/h2d/10231226400798.jpg,https://www.metro.ca/en/online-grocery/search-page-456
SÉLECTION CHÂTENOIS,Canadian Red Wine,4 L,"$42.99
 ea.",,$1.07 /100ml,,,https://product-images.metro.ca/images/ha1/h82/9518211629086.jpg,https://www.metro.ca/en/online-grocery/search-page-456
TEMPTATIONS,"Beef Flavoured Cat Treats, Value Pack",454 g,"$7.99
 ea.",,$1.76 /100g,"Regular price
$9.99  ea.","Valid until Jan 24, 2024",,https://www.metro.ca/en/online-grocery/search-page-456
HIGH LINER,Frozen Breaded Sole Fish Sticks,350 g,"$8.99
 ea.",,$2.57 /100g,"Regular price
$10.99  ea.","Valid until Jan 17, 2024",https://product-images.metro.ca/images/h1f/hec/11205001150494.jpg,https://www.metro.ca/en/online-grocery/search-page-456
TAJIN,Clásico Seasoning With Lime,142 g,"$5.99
 ea.",,$4.22 /100g,,,https://product-images.metro.ca/images/hb0/h4c/9512570650654.jpg,https://www.metro.ca/en/online-grocery/search-page-456
BONNE MAMAN,Blackcurrant Jelly,250 mL,"$7.49
 ea.",,$3.00 /100ml,,,https://product-images.metro.ca/images/h93/h69/9529959481374.jpg,https://www.metro.ca/en/online-grocery/search-page-456
ALEXIS DE PORTNEUF,Belle Crème™ Triple Cream Soft Cheese,125 g,"$4.99
 ea.",,$3.99 /100g,"Regular price
$7.29  ea.","Valid until Jan 17, 2024",https://product-images.metro.ca/images/hd3/h12/10433044578334.jpg,https://www.metro.ca/en/online-grocery/search-page-456
CANADIAN COVE,Blue Mussels,907 g,"$7.99
 ea.",,$0.88 /100g,,,https://product-images.metro.ca/images/h07/h44/11679706742814.jpg,https://www.metro.ca/en/online-grocery/search-page-457
SELECTION,Flakes Of Chicken,156 g,"$3.29
 ea.",,$2.11 /100g,,,https://product-images.metro.ca/images/h21/h68/10904125472798.jpg,https://www.metro.ca/en/online-grocery/search-page-457
EVIAN,Natural Spring Water,6x1 L,"$13.99
 ea.",,$0.23 /100ml,,,https://product-images.metro.ca/images/h68/hbb/9802675191838.jpg,https://www.metro.ca/en/online-grocery/search-page-457
FLAGRANTS DESIRS,Dark Chocolate 72% Cocoa With Pink Salt,100 g,"$4.49
 ea.",,$4.49 /100g,,,https://product-images.metro.ca/images/h66/he6/10053810913310.jpg,https://www.metro.ca/en/online-grocery/search-page-457
DION,Paprika,34 g,"$2.99
 ea.",,$8.79 /100g,"Regular price
$3.39  ea.","Valid until Feb 7, 2024",https://product-images.metro.ca/images/h57/h2d/10319484616734.jpg,https://www.metro.ca/en/online-grocery/search-page-457
SPARKLING ICE,Lemon And Lime Flavoured Sparkling Beverage,503 mL,"2 / 
$3.50",,$0.35 /100ml,"Regular price
$2.19  ea.","Valid until Feb 7, 2024",https://product-images.metro.ca/images/h80/hdb/11709558358046.jpg,https://www.metro.ca/en/online-grocery/search-page-457
MIO,Cherry & Blackberry Flavoured Liquid Water Enhancer,48 mL,"$3.99
 ea.",,$8.31 /100ml,"Regular price
$4.59  ea.","Valid until Jan 24, 2024",https://product-images.metro.ca/images/h54/hf1/9986748678174.jpg,https://www.metro.ca/en/online-grocery/search-page-457
IRRESISTIBLES,Fresh Herb Blend For Stews,1 bunch,"$2.99
 ea.",,$2.99 /un.,,,https://product-images.metro.ca/images/hef/hb4/8959521619998.jpg,https://www.metro.ca/en/online-grocery/search-page-457
NIVEA,"Orange Scented Body Wash, Care &",500 mL,"$6.99
 ea.",,$1.40 /100ml,,,,https://www.metro.ca/en/online-grocery/search-page-457
IRRESISTIBLES,"Goat'S Milk Brie Cheese, Artisan",180 g,"$7.29
 ea.",,$4.05 /100g,"Regular price
$7.49  ea.","Valid until Jan 17, 2024",,https://www.metro.ca/en/online-grocery/search-page-457
SMIRNOFF ICE,"Original Flavour Alcoholic Malt Beverage, Encore",473 mL - can,"$3.99
 ea.",,$0.84 /100ml,,,,https://www.metro.ca/en/online-grocery/search-page-457
,Chocolate Eclair With Cream Filling,80 g,"$2.99
 ea.",,$3.74 /100g,,,https://product-images.metro.ca/images/h18/hca/8859827339294.jpg,https://www.metro.ca/en/online-grocery/search-page-457
CAT CHOW,"Chicken Dry Cat Food, Complete",4 kg,"$15.99
 ea.",,$0.40 /100g,"Regular price
$17.49  ea.","Valid until Jan 10, 2024",,https://www.metro.ca/en/online-grocery/search-page-457
SWIFFER,Open Window Fresh Scented Multi-Purpose Floor Cleane...,1.25 L,"$7.79
 ea.",,$0.62 /100ml,,,,https://www.metro.ca/en/online-grocery/search-page-457
DION,Cloves,27 g,"$3.99
 ea.",,$14.78 /100g,,,https://product-images.metro.ca/images/h9a/h1a/10319473770526.jpg,https://www.metro.ca/en/online-grocery/search-page-457
METROGO!,"Pineapple And Strawberry Chunks, La Marmite",Large,"$8.99
 ea.",,$1.50 /100g,,,,https://www.metro.ca/en/online-grocery/search-page-457
ENSURE,Strawberry Flavoured Meal Replacement,6x235 ml,"$16.99
 ea.",,$1.20 /100ml,,,https://product-images.metro.ca/images/hdd/h6e/12210118459422.jpg,https://www.metro.ca/en/online-grocery/search-page-457
,Organic Yellow Bell Pepper,,"$4.62
 avg. ea.",(300 g avg.),$15.41 /kg$6.99 /lb.,,,https://product-images.metro.ca/images/h3d/hbe/8890809974814.jpg,https://www.metro.ca/en/online-grocery/search-page-457
JOHNVINCE FOODS,Candied Fruit Mix,350 g,"$5.99
 ea.",,$1.71 /100g,,,https://product-images.metro.ca/images/h06/h96/8895752667166.jpg,https://www.metro.ca/en/online-grocery/search-page-457
TRUDEAU,Ginger Seasoning,115 g,"$5.99
 ea.",,$5.21 /100g,,,https://product-images.metro.ca/images/hfc/hc1/11461779554334.jpg,https://www.metro.ca/en/online-grocery/search-page-457
STARBUCKS,Medium Roast Pike Place® Roast K-Cup® Coffee Pods,24 un,"$19.99
 ea.",,$0.83 /un.,"Regular price
$25.49  ea.","Valid until Feb 7, 2024",https://product-images.metro.ca/images/h9e/h0e/12266515955742.jpg,https://www.metro.ca/en/online-grocery/search-page-457
HOCHTALER,Canadian White Wine,1 L,"$13.49
 ea.",,$1.35 /100ml,,,https://product-images.metro.ca/images/h7a/h26/12007222706206.jpg,https://www.metro.ca/en/online-grocery/search-page-457
TWININGS,Irish Breakfast Tea,20 un,"$5.79
 ea.",,$0.29 /un.,,,https://product-images.metro.ca/images/h3e/h90/11665350393886.jpg,https://www.metro.ca/en/online-grocery/search-page-457
AVEENO,Fragrance Free Daily Moisturizing Lotion,227 mL,"$9.99
 ea.",,$4.40 /100ml,,,https://product-images.metro.ca/images/h72/h9f/11432643231774.jpg,https://www.metro.ca/en/online-grocery/search-page-457
CLUB HOUSE,Organic Cayenne Pepper,33 g,"$2.99
 ea.",,$9.06 /100g,"Regular price
$3.29  ea.","Valid until Feb 7, 2024",https://product-images.metro.ca/images/h63/hfe/10946123563038.jpg,https://www.metro.ca/en/online-grocery/search-page-457
CHOCOLATS FAVORIS,Dulce De Leche Milk Chocolate Fondue,425 g,"$13.99
 ea.",,$3.29 /100g,,,https://product-images.metro.ca/images/h9c/he7/10333754818590.jpg,https://www.metro.ca/en/online-grocery/search-page-457
DION,Ground Cloves,35 g,"$4.69
 ea.",,$13.40 /100g,,,https://product-images.metro.ca/images/h92/hfe/10319479308318.jpg,https://www.metro.ca/en/online-grocery/search-page-457
RIVIERA,Lactose Free Mild Marble Cheddar Cheese,375 g,"$9.79
 ea.",,$2.61 /100g,,,https://product-images.metro.ca/images/h02/hfc/9640215871518.jpg,https://www.metro.ca/en/online-grocery/search-page-457
IRRESISTIBLES,Ground Cumin,55 g,"$3.49
 ea.",,$6.35 /100g,,,https://product-images.metro.ca/images/h37/h07/12122170687518.jpg,https://www.metro.ca/en/online-grocery/search-page-457
VAN HOUTTE,"Decaf Vanilla Hazelnut Ground Coffee, Flavoured Coll...",340 g,"$9.99
 ea.",,$2.94 /100g,"Regular price
$10.99  ea.","Valid until Feb 7, 2024",,https://www.metro.ca/en/online-grocery/search-page-457
GOOD COOK,Can Opener,1 un,"$7.49
 ea.",,$7.49 /un.,,,https://product-images.metro.ca/images/h63/h9d/9182799888414.jpg,https://www.metro.ca/en/online-grocery/search-page-458
IRRESISTIBLES,Canola And Extra Virgin Olive Oil Blend,946 mL,"$7.99
 ea.",,$0.84 /100ml,,,https://product-images.metro.ca/images/hbe/h9a/10455873454110.jpg,https://www.metro.ca/en/online-grocery/search-page-458
LEE KUM KEE,Soy Sauce,500 mL,"$3.99
 ea.",,$0.80 /100ml,,,https://product-images.metro.ca/images/h37/hfd/11274335944734.jpg,https://www.metro.ca/en/online-grocery/search-page-458
BEGGIN',"Bacon Flavoured Dog Treats, Mini",170 g,"$4.49
 ea.",,$2.64 /100g,,,,https://www.metro.ca/en/online-grocery/search-page-458
CASCADE,Fresh Scent Dishwasher Detergent Action Pacs With Da...,39 un,"$18.99
 ea.",,$0.49 /un.,,,,https://www.metro.ca/en/online-grocery/search-page-458
SAINT-JUSTIN,Lemon Flavoured Carbonated Natural Mineral Water,750 mL,"$1.99
 ea.",,$0.27 /100ml,"Regular price
$2.39  ea.","Valid until Feb 7, 2024",https://product-images.metro.ca/images/hf5/he7/9518164705310.jpg,https://www.metro.ca/en/online-grocery/search-page-458
ROCKSTAR,"Fruit Punch Flavoured Energy Drink, Punched",473 mL,"$3.79
 ea.",,$0.80 /100ml,,,,https://www.metro.ca/en/online-grocery/search-page-458
SPRITE,Soft Drink,1 L,"$2.29
 ea.",,$0.23 /100ml,,,https://product-images.metro.ca/images/hb7/h72/10495674155038.jpg,https://www.metro.ca/en/online-grocery/search-page-458
GERBER,"Oat Baby Cereal, Stage 1",227 g,"$5.99
 ea.",,$2.64 /100g,"Regular price
$7.99  ea.","Valid until Feb 7, 2024",,https://www.metro.ca/en/online-grocery/search-page-458
CLUB HOUSE,"Spicy Montreal Steak Spice Seasoning, La Grille",157 g,"$6.49
 ea.",,$4.13 /100g,,,,https://www.metro.ca/en/online-grocery/search-page-458
INCOGNITO,Long Hypoallergenic Pantiliners With Odour Control,40 un,"$5.29
 ea.",,$0.13 /un.,,,https://product-images.metro.ca/images/h05/h3e/9258178019358.jpg,https://www.metro.ca/en/online-grocery/search-page-458
CLUB HOUSE,Organic Chili Powder,31 g,"$2.99
 ea.",,$9.65 /100g,"Regular price
$3.29  ea.","Valid until Feb 7, 2024",https://product-images.metro.ca/images/haf/hda/11188464877598.jpg,https://www.metro.ca/en/online-grocery/search-page-458
LAURA SECORD,Hot Chocolate Mix K-Cup® Pods,12 un,"$9.99
 ea.",,$0.83 /un.,"Regular price
$11.99  ea.","Valid until Feb 7, 2024",https://product-images.metro.ca/images/he6/h73/11432721448990.jpg,https://www.metro.ca/en/online-grocery/search-page-458
GURU,Energy Drink,355 mL,"$3.49
 ea.",,$0.98 /100ml,,,https://product-images.metro.ca/images/hb8/h61/9554149703710.jpg,https://www.metro.ca/en/online-grocery/search-page-458
CARLING,"Lager Beer, Black Label",24x355 mL - cans,"$32.99
 ea.",,$0.39 /100ml,,,,https://www.metro.ca/en/online-grocery/search-page-458
LOACKER,"Vanilla Flavoured Bite Size Wafer Cookies, Quadratini",250 g,"$5.79
 ea.",,$2.32 /100g,"Regular price
$5.99  ea.","Valid until Jan 24, 2024",,https://www.metro.ca/en/online-grocery/search-page-458
TWININGS,Peppermint And Creamy Vanilla Herbal Tea,20 un,"$5.79
 ea.",,$0.29 /un.,,,https://product-images.metro.ca/images/hf5/he2/11675994259486.jpg,https://www.metro.ca/en/online-grocery/search-page-458
TORO LOCO,Spanish Red Wine,4 L,"$44.99
 ea.",,$1.12 /100ml,,,https://product-images.metro.ca/images/ha1/h51/12007222771742.jpg,https://www.metro.ca/en/online-grocery/search-page-458
AIR WICK,Cool Linen & White Lilac® Scented Oil Refills,2x20 ml,"$11.49
 ea.",,$28.73 /100ml,"Regular price
$12.99  ea.","Valid until Feb 7, 2024",https://product-images.metro.ca/images/h97/ha7/11614444847134.jpg,https://www.metro.ca/en/online-grocery/search-page-458
A TASTE OF THAI,Sweet Chili Sauce,207 mL,"$4.19
 ea.",,$2.10 /100ml,,,https://product-images.metro.ca/images/h31/h46/12083880296478.jpg,https://www.metro.ca/en/online-grocery/search-page-458
SS-FRUTAS IMPORTS,Spicy Crunchy Plantain Crisps,85 g,"$2.49
 ea.",,$2.93 /100g,,,https://product-images.metro.ca/images/hb6/hab/9973608906782.jpg,https://www.metro.ca/en/online-grocery/search-page-458
BOULANGERIE AUGER,14 Grains Sliced Bread,600 g,"$4.99
 ea.",,$0.83 /100g,,,https://product-images.metro.ca/images/h9f/hf9/9533402415134.jpg,https://www.metro.ca/en/online-grocery/search-page-458
SELECTION,Granola Trail Mix,275 g,"$5.49
 ea.",,$2.00 /100g,,,https://product-images.metro.ca/images/ha1/h27/10715200454686.jpg,https://www.metro.ca/en/online-grocery/search-page-458
LA MILANAISE,Organic Unbleached All-Purpose White Flour,1 kg,"$5.99
 ea.",,$0.60 /100g,,,https://product-images.metro.ca/images/h60/h71/11816879915038.jpg,https://www.metro.ca/en/online-grocery/search-page-458
HALLS,"Cherry Flavoured Cough Drops, Mentho-Lyptus",30 drops,"$4.29
 ea.",,$0.14 /un.,,,,https://www.metro.ca/en/online-grocery/search-page-458
GERBER,"Organic Apple, Blueberry And Spinach Baby Puree Pouc...",128 mL,"$2.49
 ea.",,$1.95 /100ml,"Regular price
$2.99  ea.","Valid until Feb 7, 2024",,https://www.metro.ca/en/online-grocery/search-page-458
SELECTION,Decaffeinated Orange Pekoe Tea,48 un,"$4.99
 ea.",,$0.10 /un.,,,https://product-images.metro.ca/images/hfa/hca/8854128263198.jpg,https://www.metro.ca/en/online-grocery/search-page-458
SUWONG,Garlic Spare Ribs Sauce Mix,142 g,"$2.99
 ea.",,$2.11 /100g,"Regular price
$3.19  ea.","Valid until Jan 24, 2024",https://product-images.metro.ca/images/h55/h94/9526743105566.jpg,https://www.metro.ca/en/online-grocery/search-page-458
METROGO!,Mixed Vegetable With Ranch Dip,275 g,"$6.99
 ea.",,$2.54 /100g,,,https://product-images.metro.ca/images/h11/hae/8837241274398.jpg,https://www.metro.ca/en/online-grocery/search-page-458
CROFTER'S,Raspberry Premium Spread,383 mL,"$7.99
 ea.",,$2.09 /100ml,,,https://product-images.metro.ca/images/h86/hb2/11541018443806.jpg,https://www.metro.ca/en/online-grocery/search-page-458
PLAISIRS GASTRONOMIQUES,Lentil & Sausage Stew,650 g,"$11.99
 ea.",,$1.84 /100g,,,https://product-images.metro.ca/images/h79/h55/9685067628574.jpg,https://www.metro.ca/en/online-grocery/search-page-459
CAT'S PRIDE,"Multi-Cat Scoopable Scented Litter, Fresh & Light",7.71 kg,"$18.99
 ea.",,$0.25 /100g,,,,https://www.metro.ca/en/online-grocery/search-page-459
A&W,Root Beer,6x222 mL,"2 / 
$8.00",,$0.30 /100ml,"Regular price
$5.79  ea.","Valid until Jan 24, 2024",https://product-images.metro.ca/images/hf9/hce/11367301480478.jpg,https://www.metro.ca/en/online-grocery/search-page-459
FANCY FEAST,"Chicken With A Touch Of Milk Wet Cat Food, Creamy De...",85 g,"$1.49
 ea.",,$1.75 /100g,,,,https://www.metro.ca/en/online-grocery/search-page-459
METROGO!,"Brie Cheese And Cranberry Stuffed Pork Tenderloins, ...",2 fillets per tray,"$16.18
 avg. ea.","(1,050 g avg.)",$15.41 /kg$6.99 /lb.,"Regular price
$19.82  avg. kg","Valid until Jan 10, 2024",,https://www.metro.ca/en/online-grocery/search-page-459
DOVE,"Nourishing Oil Care Conditioner, Nutritive Solutions",355 mL,"$6.99
 ea.",,$1.97 /100ml,,,,https://www.metro.ca/en/online-grocery/search-page-459
FRESH GOURMET,Tri-Coloured Tortilla Strips,99 g,"$3.99
 ea.",,$4.03 /100g,"Regular price
$4.99  ea.","Valid until Jan 10, 2024",https://product-images.metro.ca/images/hda/h94/11257091227678.jpg,https://www.metro.ca/en/online-grocery/search-page-459
CLUB HOUSE,Pure Lemon Extract,43 mL,"$3.99
 ea.",,$9.28 /100ml,,,https://product-images.metro.ca/images/h64/h4c/11205043453982.jpg,https://www.metro.ca/en/online-grocery/search-page-459
ARM & HAMMER,Extra Strength Carpet Odour Eliminator,700 g,"$4.99
 ea.",,$0.71 /100g,,,https://product-images.metro.ca/images/h4e/hc5/9651659538462.jpg,https://www.metro.ca/en/online-grocery/search-page-459
HÄAGEN-DAZS,"Cookies And Cream Flavoured Ice Cream Bars, Exträaz",3x72 mL,"$4.99
 ea.",,$2.31 /100ml,"Regular price
$6.69  ea.","Valid until Jan 24, 2024",,https://www.metro.ca/en/online-grocery/search-page-459
THEOBROMA,Organic Raspberry Chunks Dark Chocolate,35 g,"$2.29
 ea.",,$6.54 /100g,"Regular price
$2.69  ea.","Valid until Jan 24, 2024",https://product-images.metro.ca/images/hb8/h89/9836373999646.jpg,https://www.metro.ca/en/online-grocery/search-page-459
MAISON ORPHÉE,Sesame & Tamari Dressing,250 mL,"$5.29
 ea.",,$2.12 /100ml,,,https://product-images.metro.ca/images/hf0/hec/9684982595614.jpg,https://www.metro.ca/en/online-grocery/search-page-459
LONEY'S,Dehydrated Fat Free Beef Broth,400 g,"$6.29
 ea.",,$1.57 /100g,"Regular price
$6.99  ea.","Valid until Jan 24, 2024",https://product-images.metro.ca/images/hed/h96/11892956725278.jpg,https://www.metro.ca/en/online-grocery/search-page-459
MIO,"Berry Burst Flavoured Liquid Water Enhancer, Sport",48 mL,"$3.99
 ea.",,$8.31 /100ml,"Regular price
$4.59  ea.","Valid until Jan 24, 2024",,https://www.metro.ca/en/online-grocery/search-page-459
HARP,Irish Lager Beer,4x500 mL - cans,"2 / 
$23.98",,or $13.99 ea. $0.60 /100ml,,"Valid until Feb 7, 2024",https://product-images.metro.ca/images/hd8/hc7/10081779580958.jpg,https://www.metro.ca/en/online-grocery/search-page-459
IRRESISTIBLES,Parmigiano Reggiano Cheese Aged 24 Months,1 piece,"$15.96
 avg. ea.",(400 g avg.),$39.90 /kg$18.10 /lb.,,,https://product-images.metro.ca/images/hee/h0f/9156271702046.jpg,https://www.metro.ca/en/online-grocery/search-page-459
METROGO!,Tomato Sauce,400 mL,"$5.99
 ea.",,$1.50 /100ml,,,https://product-images.metro.ca/images/h5a/ha6/8869099077662.jpg,https://www.metro.ca/en/online-grocery/search-page-459
FEBREZE,"Gain®'S Island Fresh Scented Aerosol Air Freshener, Air",250 g,"$4.99
 ea.",,$2.00 /100g,,,,https://www.metro.ca/en/online-grocery/search-page-459
CEDAR,French Lentils,907 g,"$4.49
 ea.",,$0.50 /100g,,,https://product-images.metro.ca/images/h80/h68/10710644457502.jpg,https://www.metro.ca/en/online-grocery/search-page-459
BULLES DE NUIT,Sparkling Rosé Wine Style Alcoholic Malt Beverage,355 mL,"2 / 
$7.00",,$0.99 /100ml,"Regular price
$4.49  ea.","Valid until Feb 7, 2024",https://product-images.metro.ca/images/hdd/h2a/10184051097630.jpg,https://www.metro.ca/en/online-grocery/search-page-459
OXICLEAN,"Laundry Stain Remover Powder, White Revive",24 loads-750 g,"$8.79
 ea.",,$0.37 /load,,,,https://www.metro.ca/en/online-grocery/search-page-459
METROGO!,Seasoned Boneless Chicken Thighs,4 thighs per tray,"$7.32
 avg. ea.",(350 g avg.),$20.92 /kg$9.49 /lb.,"Regular price
$7.71  avg. ea.","Valid until Jan 10, 2024",https://product-images.metro.ca/images/h69/h23/8886608920606.jpg,https://www.metro.ca/en/online-grocery/search-page-459
SCHWEPPES,Ginger Ale,6x710 mL,"$6.49
 ea.",,$0.15 /100ml,,,https://product-images.metro.ca/images/h50/he3/9857996881950.jpg,https://www.metro.ca/en/online-grocery/search-page-459
METROGO!,Smoked Meat Naan Sandwich,200 g,"$5.99
 ea.",,$3.00 /100g,,,https://product-images.metro.ca/images/h3d/h72/9439307726878.jpg,https://www.metro.ca/en/online-grocery/search-page-459
LINDT,"70% Cacao Dark Chocolate Truffles, Lindor",150 g,"$7.79
 ea.",,$5.19 /100g,"Regular price
$8.99  ea.","Valid until Jan 24, 2024",,https://www.metro.ca/en/online-grocery/search-page-459
PAPILLE,Black Pepper Rosette De Lyon Sausage,300 g,"$13.99
 ea.",,$4.66 /100g,,,https://product-images.metro.ca/images/h6d/h9e/9529851609118.jpg,https://www.metro.ca/en/online-grocery/search-page-459
ST. DALFOUR,Four Fruits Deluxe Spread,225 mL,"$7.49
 ea.",,$3.33 /100ml,,,https://product-images.metro.ca/images/hf8/h1f/11541011103774.jpg,https://www.metro.ca/en/online-grocery/search-page-459
CAFFITALY,"Vivace Nespresso® Coffee Capsules, Compatibili",10 un,"$5.49
 ea.",,$0.55 /un.,"Regular price
$6.49  ea.","Valid until Feb 7, 2024",,https://www.metro.ca/en/online-grocery/search-page-459
CARLSBERG,Danish Pilsner Beer,4x500 mL - cans,"2 / 
$23.98",,or $13.99 ea. $0.60 /100ml,"Regular price
$14.99  ea.","Valid until Feb 7, 2024",https://product-images.metro.ca/images/h9a/h01/8884991590430.jpg,https://www.metro.ca/en/online-grocery/search-page-459
SELECTION,Asparagus Cuts,341 mL,"$2.99
 ea.",,$0.88 /100ml,"Regular price
$3.49  ea.","Valid until Jan 24, 2024",https://product-images.metro.ca/images/hf3/h07/9518849916958.jpg,https://www.metro.ca/en/online-grocery/search-page-459
NATURAL DELIGHTS,Pitted Medjool Dates,340 g,"$10.99
 ea.",,$3.23 /100g,"Regular price
$11.99  ea.","Valid until Jan 10, 2024",https://product-images.metro.ca/images/h6b/hdb/10767241674782.jpg,https://www.metro.ca/en/online-grocery/search-page-460
QUALI DESSERTS,Frozen Chocolate Boston Cake,6 in - 550 g,"$12.99
 ea.",,$2.36 /100g,,,https://product-images.metro.ca/images/h86/h4b/8860905603102.jpg,https://www.metro.ca/en/online-grocery/search-page-460
CORDON BLEU,Irish Stew With Beef Chunks,410 g,"$5.79
 ea.",,$1.41 /100g,,,https://product-images.metro.ca/images/h1d/hbe/9751082565662.jpg,https://www.metro.ca/en/online-grocery/search-page-460
LA COSTEÑA,Homestyle Mexican Salsa Sauce,455 mL,"$5.99
 ea.",,$1.32 /100ml,,,https://product-images.metro.ca/images/h35/h87/11849338454046.jpg,https://www.metro.ca/en/online-grocery/search-page-460
DERLEA,Turmeric Puree,120 g,"$3.99
 ea.",,$3.32 /100g,,,https://product-images.metro.ca/images/h00/h02/11257129566238.jpg,https://www.metro.ca/en/online-grocery/search-page-460
MENTOS,Fruit Flavoured Candy Rolls,4x37 g,"$3.99
 ea.",,$2.70 /100g,,,https://product-images.metro.ca/images/h6e/he7/11281560305694.jpg,https://www.metro.ca/en/online-grocery/search-page-460
GOGO QUINOA,Organic White Quinoa Royal,500 g,"$7.99
 ea.",,$1.60 /100g,,,https://product-images.metro.ca/images/h79/hdc/10268233957406.jpg,https://www.metro.ca/en/online-grocery/search-page-460
IRRESISTIBLES,Frozen Vanilla Belgian Waffles,4x67 g,"$3.99
 ea.",,$1.49 /100g,"Regular price
$4.49  ea.","Valid until Jan 10, 2024",https://product-images.metro.ca/images/h7d/h2d/9519589228574.jpg,https://www.metro.ca/en/online-grocery/search-page-460
RED BULL,Sugar Free Energy Drink,4x250 mL,"$8.99
 ea.",,$0.90 /100ml,"Regular price
$11.49  ea.","Valid until Jan 24, 2024",https://product-images.metro.ca/images/h66/hf0/11892951121950.jpg,https://www.metro.ca/en/online-grocery/search-page-460
CADBURY,"Mini Milk Chocolate Bars, Dairy Milk",152 g,"$4.49
 ea.",,$2.95 /100g,"Regular price
$5.29  ea.","Valid until Jan 24, 2024",,https://www.metro.ca/en/online-grocery/search-page-460
SNOWDON BAKERY,Bulka Challa Bread,625 g,"$7.79
 ea.",,$1.25 /100g,,,https://product-images.metro.ca/images/h5f/h9a/8860335833118.jpg,https://www.metro.ca/en/online-grocery/search-page-460
IRRESISTIBLES,Balsamic Vinegar Of Modena Glaze,250 mL,"$4.99
 ea.",,$2.00 /100ml,"Regular price
$5.99  ea.","Valid until Feb 7, 2024",https://product-images.metro.ca/images/hc8/h3a/9130169499678.jpg,https://www.metro.ca/en/online-grocery/search-page-460
SAN DANIELE,Piccante Mortadella,,"$2.99
 / 100 g",,$29.90 /kg$13.56 /lb.,"Regular price
$37.90  / kg","Valid until Jan 10, 2024",https://product-images.metro.ca/images/h79/h7a/8865250574366.jpg,https://www.metro.ca/en/online-grocery/search-page-460
CLUB HOUSE,Organic Ground Coriander,28 g,"$2.99
 ea.",,$10.68 /100g,"Regular price
$3.29  ea.","Valid until Feb 7, 2024",https://product-images.metro.ca/images/hee/hfa/11188457930782.jpg,https://www.metro.ca/en/online-grocery/search-page-460
BLUE DRAGON,Broccoli Beef Stir Fry Sauce,140 mL,"$1.99
 ea.",,$1.42 /100ml,"Regular price
$2.39  ea.","Valid until Jan 24, 2024",https://product-images.metro.ca/images/h51/h21/10288405774366.jpg,https://www.metro.ca/en/online-grocery/search-page-460
BROOKSIDE,Milk Chocolate Covered Whole Almonds,210 g,"$4.99
 ea.",,$2.38 /100g,"Regular price
$6.29  ea.","Valid until Jan 24, 2024",https://product-images.metro.ca/images/h03/h9e/11449578979358.jpg,https://www.metro.ca/en/online-grocery/search-page-460
LA COSTEÑA,Whole Pinto Beans,528 mL,"$3.69
 ea.",,$0.70 /100ml,,,https://product-images.metro.ca/images/h41/h49/11829786148894.jpg,https://www.metro.ca/en/online-grocery/search-page-460
FIJI,Natural Spring Water,1.5 L,"$3.29
 ea.",,$0.22 /100ml,,,https://product-images.metro.ca/images/h03/h66/11492944478238.jpg,https://www.metro.ca/en/online-grocery/search-page-460
LABATT,"Strong Lager Beer, Bleue Dry",12x355 mL - cans,"$18.99
 ea.",,$0.45 /100ml,,,,https://www.metro.ca/en/online-grocery/search-page-460
METROGO!,5-Fruit Platter,,"$26.99
 ea.",,$1.12 /100g,,,https://product-images.metro.ca/images/h7b/h69/8893612064798.jpg,https://www.metro.ca/en/online-grocery/search-page-460
GLAD,Fresh Clean Scented Small White Garbage Bags,36 un,"$6.99
 ea.",,$0.19 /un.,"Regular price
$7.99  ea.","Valid until Feb 7, 2024",https://product-images.metro.ca/images/h1c/hc1/9859601235998.jpg,https://www.metro.ca/en/online-grocery/search-page-460
OLIVIERI,Prosciutto Tortelloni With Aged Parmesan-Reggiano,"3-4 servings, 600 g","$11.49
 ea.",,$1.92 /100g,,,https://product-images.metro.ca/images/hc9/hf4/10685915037726.jpg,https://www.metro.ca/en/online-grocery/search-page-460
KRISPY KERNELS,Deluxe 50% Cashew Mixed Nuts,225 g,"$7.49
 ea.",,$3.33 /100g,"Regular price
$8.49  ea.","Valid until Jan 24, 2024",https://product-images.metro.ca/images/hb8/heb/11590585810974.jpg,https://www.metro.ca/en/online-grocery/search-page-460
IRRESISTIBLES,Raw Macadamia Nuts,150 g,"$8.99
 ea.",,$5.99 /100g,"Regular price
$9.99  ea.","Valid until Jan 10, 2024",https://product-images.metro.ca/images/hc7/h7b/9062668402718.jpg,https://www.metro.ca/en/online-grocery/search-page-460
DOVE,"Color Care Conditioner, Nutritive Solutions",355 mL,"$6.99
 ea.",,$1.97 /100ml,,,,https://www.metro.ca/en/online-grocery/search-page-460
MINUTE MAID,Peach And Mango Juice,8x200 mL,"$4.79
 ea.",,$0.30 /100ml,,,https://product-images.metro.ca/images/hd9/h8d/11493028691998.jpg,https://www.metro.ca/en/online-grocery/search-page-460
NUTS TO YOU NUT BUTTER,Smooth Almond Hazelnut Butter,365 g,"$11.99
 ea.",,$3.28 /100g,"Regular price
$12.99  ea.","Valid until Feb 7, 2024",https://product-images.metro.ca/images/h2f/ha1/11386217431070.jpg,https://www.metro.ca/en/online-grocery/search-page-460
METROGO!,Meatball Stew,800 mL,"$13.99
 ea.",,$1.75 /100ml,"Regular price
$14.99  ea.","Valid until Jan 17, 2024",https://www.metro.ca/images/shared/placeholders/icon-no-picture.svg?v=2023.71.1.d1,https://www.metro.ca/en/online-grocery/search-page-460
CEDAR,Sundried Tomatoes In Sunflower Oil,500 mL,"$7.59
 ea.",,$1.52 /100ml,,,https://product-images.metro.ca/images/h8b/h63/8896316506142.jpg,https://www.metro.ca/en/online-grocery/search-page-460
SESMARK,Parmesan And Herb Flavoured Ancient Grains Crackers,100 g,"$2.99
 ea.",,$2.99 /100g,"Regular price
$3.99  ea.","Valid until Jan 24, 2024",https://product-images.metro.ca/images/h0b/h1c/8824841568286.jpg,https://www.metro.ca/en/online-grocery/search-page-460
CEDAR,Flax Seeds,454 g,"$2.99
 ea.",,$0.66 /100g,,,https://product-images.metro.ca/images/h00/h8f/8896305496094.jpg,https://www.metro.ca/en/online-grocery/search-page-461
VILEDA,Super Twist Mop,1 un,"$15.49
 ea.",,$15.49 /un.,,,https://product-images.metro.ca/images/hb4/h74/11937032601630.jpg,https://www.metro.ca/en/online-grocery/search-page-461
BLUE DIAMOND,"Rice Crackers With Almonds, Nut-Thins",120 g,"$4.99
 ea.",,$4.16 /100g,"Regular price
$5.99  ea.","Valid until Jan 24, 2024",,https://www.metro.ca/en/online-grocery/search-page-461
KITTEN CHOW,Dry Kitten Food,1.8 kg,"$11.99
 ea.",,$0.67 /100g,,,https://product-images.metro.ca/images/h38/h57/11511502340126.jpg,https://www.metro.ca/en/online-grocery/search-page-461
COMPAGNIE DES FROMAGES & RICHESMONTS,Le Rustique Camembert Cheese,250 g,"$11.49
 ea.",,$4.60 /100g,"Regular price
$12.29  ea.","Valid until Jan 17, 2024",https://product-images.metro.ca/images/h09/haf/8903344881694.jpg,https://www.metro.ca/en/online-grocery/search-page-461
CLUB HOUSE,Organic Rosemary Leaves,14 g,"$2.99
 ea.",,$21.36 /100g,"Regular price
$3.29  ea.","Valid until Feb 7, 2024",https://product-images.metro.ca/images/hb0/h2d/11307101224990.jpg,https://www.metro.ca/en/online-grocery/search-page-461
PURE LEAF,Iced Green Tea With Honey,547 mL,"$2.99
 ea.",,$0.55 /100ml,,,https://product-images.metro.ca/images/h71/h28/9526367879198.jpg,https://www.metro.ca/en/online-grocery/search-page-461
FRISKIES,"Indoor Wet Cat Food Variety Pack, Indoor",12x156 g,"$12.99
 ea.",,$0.69 /100g,,,,https://www.metro.ca/en/online-grocery/search-page-461
RIVIERA,Lactose Free Light Swiss Cheese,200 g,"$8.29
 ea.",,$4.15 /100g,"Regular price
$10.49  ea.","Valid until Jan 17, 2024",https://product-images.metro.ca/images/h33/ha7/9693809868830.jpg,https://www.metro.ca/en/online-grocery/search-page-461
,Organic Turmeric,85 g,"$2.99
 ea.",,$3.52 /100g,,,https://product-images.metro.ca/images/hbe/h11/9099115102238.jpg,https://www.metro.ca/en/online-grocery/search-page-461
DOVE,"Aqua Impact™ Body And Face Wash, Men+Care",400 mL,"$6.49
 ea.",,$1.62 /100ml,,,,https://www.metro.ca/en/online-grocery/search-page-461
NATURE'S PATH,Fruit Juice Sweetened Cereal With Oat Bran,907 g,"$11.99
 ea.",,$1.32 /100g,,,https://product-images.metro.ca/images/h89/hf9/11816863367198.jpg,https://www.metro.ca/en/online-grocery/search-page-461
MORI-NU,Silken Soft Tofu,340 g,"$2.49
 ea.",,$0.73 /100g,"Regular price
$3.79  ea.","Valid until Feb 7, 2024",https://product-images.metro.ca/images/hb6/h68/9508278632478.jpg,https://www.metro.ca/en/online-grocery/search-page-461
MILK BONE,Soft And Chewy Chicken Flavoured Dog Treats,708 g,"$10.99
 ea.",,$1.55 /100g,"Regular price
$11.99  ea.","Valid until Jan 24, 2024",https://product-images.metro.ca/images/hce/h3f/10938806992926.jpg,https://www.metro.ca/en/online-grocery/search-page-461
IRRESISTIBLES,Maple Flakes,170 g,"$8.79
 ea.",,$5.17 /100g,,,https://product-images.metro.ca/images/h17/h12/11521237811230.jpg,https://www.metro.ca/en/online-grocery/search-page-461
SARDO,"Sundried Olives, Gourmet",250 mL,"$5.29
 ea.",,$2.12 /100ml,,,,https://www.metro.ca/en/online-grocery/search-page-461
TIM HORTONS,Original Blend Coffee Beans,300 g,"$10.49
 ea.",,$3.50 /100g,,,https://product-images.metro.ca/images/h73/ha1/11272661467166.jpg,https://www.metro.ca/en/online-grocery/search-page-461
CLUB HOUSE,Italian Seasoning,45 g,"$9.49
 ea.",,$21.09 /100g,,,https://product-images.metro.ca/images/hfe/h25/10062169047070.jpg,https://www.metro.ca/en/online-grocery/search-page-461
CIMO,Espresso Azzuro Coffee Beans,1 kg,"$12.49
 ea.",,$1.25 /100g,,,https://product-images.metro.ca/images/he7/h6a/9514942496798.jpg,https://www.metro.ca/en/online-grocery/search-page-461
NIVEA,"Energy™ Body, Face And Hair Shower Gel, Men",500 mL,"$6.99
 ea.",,$1.40 /100ml,,,,https://www.metro.ca/en/online-grocery/search-page-461
GOLD SEAL,Sardines In Soy Oil,125 g,"2 / 
$4.00",,$1.60 /100g,"Regular price
$2.29  ea.","Valid until Jan 24, 2024",https://product-images.metro.ca/images/h58/h37/9523137576990.jpg,https://www.metro.ca/en/online-grocery/search-page-461
DUBRETON,Chipotle-Lime Pork Loin,,"$11.01
 avg. ea.",(500 g avg.),$22.02 /kg$9.99 /lb.,,,https://product-images.metro.ca/images/h4a/hfb/9107192512542.jpg,https://www.metro.ca/en/online-grocery/search-page-461
MIO,"Orange Flavoured Liquid Water Enhancer, Sport",48 mL,"$3.99
 ea.",,$8.31 /100ml,"Regular price
$4.59  ea.","Valid until Jan 24, 2024",,https://www.metro.ca/en/online-grocery/search-page-461
PASTENE,Pure Grapeseed Oil,500 mL,"$8.49
 ea.",,$1.70 /100ml,,,https://product-images.metro.ca/images/h9b/h91/12122096828446.jpg,https://www.metro.ca/en/online-grocery/search-page-461
OLD SPICE,"Original Scented Aluminum Free Deodorant Stick, High...",85 g,"$5.99
 ea.",,$7.05 /100g,,,,https://www.metro.ca/en/online-grocery/search-page-461
CESAR,Turkey And Beef Entrées For Small Dogs,12x100 g,"$17.99
 ea.",,$1.50 /100g,"Regular price
$20.99  ea.","Valid until Jan 10, 2024",https://product-images.metro.ca/images/heb/h22/10286941765662.jpg,https://www.metro.ca/en/online-grocery/search-page-461
FRISKIES,"Dry Cat Food, Grillers",1.4 kg,"$7.79
 ea.",,$0.01 /kg,,,,https://www.metro.ca/en/online-grocery/search-page-461
METROGO!,Vegetable Mix For Saute,,"$6.99
 ea.",,$1.75 /100g,,,https://product-images.metro.ca/images/h31/h9b/8837069504542.jpg,https://www.metro.ca/en/online-grocery/search-page-461
MAILLE,Balsamic Vinegar Of Modena,500 mL,"$11.49
 ea.",,$2.30 /100ml,"Regular price
$12.99  ea.","Valid until Feb 7, 2024",https://product-images.metro.ca/images/h99/h45/10529535361054.jpg,https://www.metro.ca/en/online-grocery/search-page-461
COOKIE BLUFF,Ready-To-Eat Cookie Dough With Chocolate Chips,400 g,"$8.19
 ea.",,$2.05 /100g,,,https://product-images.metro.ca/images/h99/h7f/11493032394782.jpg,https://www.metro.ca/en/online-grocery/search-page-461
IRRESISTIBLES,Havarti Cheese Slices,370 g,"$13.29
 ea.",,$3.59 /100g,,,https://product-images.metro.ca/images/hff/hf2/11257098731550.jpg,https://www.metro.ca/en/online-grocery/search-page-462
IRRESISTIBLES,Frozen Black Forest Cake,8 in - 1.25 kg,"$29.99
 ea.",,$2.67 /100g,,,https://product-images.metro.ca/images/h97/hc6/8861728079902.jpg,https://www.metro.ca/en/online-grocery/search-page-462
BITBURGER,German Pilsner Beer,4x500 mL - cans,"$10.99
 ea.",,$0.55 /100ml,,,https://product-images.metro.ca/images/hea/h37/8910689042462.jpg,https://www.metro.ca/en/online-grocery/search-page-462
SARDO,"Garlic Stuffed Olives, Deli Market",500 mL,"$10.49
 ea.",,$2.10 /100ml,,,,https://www.metro.ca/en/online-grocery/search-page-462
COATICOOK,"Choco Amaretto Flavoured Old-Fashioned Ice Cream, La...",1.5 L,"$7.49
 ea.",,$0.50 /100ml,,,,https://www.metro.ca/en/online-grocery/search-page-462
LAURA SECORD,Premium Milk Chocolate Bar,100 g,"$3.79
 ea.",,$3.79 /100g,,,https://product-images.metro.ca/images/h89/h82/11257085755422.jpg,https://www.metro.ca/en/online-grocery/search-page-462
TIPIAK,Express Wheat-Corn In 2 Boil-In-Bags,350 g,"$5.49
 ea.",,$1.57 /100g,"Regular price
$6.99  ea.","Valid until Jan 24, 2024",https://product-images.metro.ca/images/h3e/hae/9711255027742.jpg,https://www.metro.ca/en/online-grocery/search-page-462
CLUB HOUSE,Salt-Free Garlic And Herb Seasoning,142 g,"$6.49
 ea.",,$4.57 /100g,,,https://product-images.metro.ca/images/h08/ha4/10029203226654.jpg,https://www.metro.ca/en/online-grocery/search-page-462
SELECTION,Flakes Of Ham,156 g,"$3.29
 ea.",,$2.11 /100g,,,https://product-images.metro.ca/images/he4/h50/10778573439006.jpg,https://www.metro.ca/en/online-grocery/search-page-462
ENVIROKIDZ,Cheetah Chomps® Berry Blast Flavoured Organic Cereal,284 g,"$5.49
 ea.",,$1.93 /100g,"Regular price
$6.29  ea.","Valid until Feb 7, 2024",https://product-images.metro.ca/images/hbb/h83/12083944030238.jpg,https://www.metro.ca/en/online-grocery/search-page-462
SAPPORO ICHIBAN,"Yaki Soba Japanese Style Noodles, Chow Mein",100 g,"$1.59
 ea.",,$1.59 /100g,,,,https://www.metro.ca/en/online-grocery/search-page-462
AKI SUSHI,Shrimp Tom Yum Soup,700 g,"$16.99
 ea.",,$2.43 /100g,,,https://product-images.metro.ca/images/ha6/h8a/11195872641054.jpg,https://www.metro.ca/en/online-grocery/search-page-462
LYSOL,Spring Waterfall® Disinfectant Spray,350 g,"$5.49
 ea.",,$1.57 /100g,"Regular price
$7.99  ea.","Valid until Feb 7, 2024",https://product-images.metro.ca/images/hb9/hf7/9719451189278.jpg,https://www.metro.ca/en/online-grocery/search-page-462
TIDE,"Free & Gentle Laundry Detergent Pacs, Free & Gentle",42 loads,"$14.99
 ea.",,$0.36 /load,"Regular price
$16.29  ea.","Valid until Feb 7, 2024",,https://www.metro.ca/en/online-grocery/search-page-462
SARDO,"Garlic Stuffed Olives, Deli Market",250 mL,"$6.99
 ea.",,$2.80 /100ml,,,,https://www.metro.ca/en/online-grocery/search-page-462
OKA,Raclette Cheese,1 piece,"$7.78
 avg. ea.",(156 g avg.),$49.90 /kg$22.63 /lb.,,,https://product-images.metro.ca/images/h11/h96/10967809130526.jpg,https://www.metro.ca/en/online-grocery/search-page-462
TIM HORTONS,"Decaf Coffee T Discs, Tassimo",14 un,"$11.29
 ea.",,$0.81 /un.,,,,https://www.metro.ca/en/online-grocery/search-page-462
SUWONG,Teriyaki Sauce Mix,45 g,"$1.99
 ea.",,$4.42 /100g,"Regular price
$2.39  ea.","Valid until Jan 24, 2024",https://product-images.metro.ca/images/h86/h85/9836240732190.jpg,https://www.metro.ca/en/online-grocery/search-page-462
AKI SUSHI,Shrimp Bangkok Soup,700 g,"$16.99
 ea.",,$2.43 /100g,,,https://product-images.metro.ca/images/h6b/h60/11195858223134.jpg,https://www.metro.ca/en/online-grocery/search-page-462
CLUB HOUSE,Pure Peppermint And Mint Extract,43 mL,"$4.29
 ea.",,$9.98 /100ml,,,https://product-images.metro.ca/images/hf2/hc2/10475403345950.jpg,https://www.metro.ca/en/online-grocery/search-page-462
MOLSON,"Lager Beer, Dry",710 mL - can,"2 / 
$9.00",,or $5.29 ea. $0.63 /100ml,,"Valid until Feb 7, 2024",,https://www.metro.ca/en/online-grocery/search-page-462
IRRESISTIBLES,"Lactose-Free Medium Cheddar Cheese, Organic",200 g,"$6.99
 ea.",,$3.50 /100g,"Regular price
$7.49  ea.","Valid until Feb 14, 2024",,https://www.metro.ca/en/online-grocery/search-page-462
METROGO!,Beef Enchilada With Rice,,"$7.95
 avg. ea.",(347 g avg.),$22.90 /kg$10.39 /lb.,,,https://product-images.metro.ca/images/h8b/h7d/11926807052318.jpg,https://www.metro.ca/en/online-grocery/search-page-462
BABY GOURMET,Hearty Vegetable With Turkey Purée Pouch For Babies ...,128 mL,"$3.49
 ea.",,$2.73 /100ml,,,,https://www.metro.ca/en/online-grocery/search-page-462
LA MILANAISE,Organic Whole Spelt Flour,1 kg,"$8.49
 ea.",,$0.85 /100kg,,,https://product-images.metro.ca/images/h74/hdc/9927630028830.jpg,https://www.metro.ca/en/online-grocery/search-page-462
CLUB HOUSE,"Chicken Seasoning, La Grille",131 g,"$6.49
 ea.",,$4.95 /100g,,,,https://www.metro.ca/en/online-grocery/search-page-462
IRRESISTIBLES,Ground Nutmeg,65 g,"$4.99
 ea.",,$7.68 /100g,,,https://product-images.metro.ca/images/hac/h94/12083927253022.jpg,https://www.metro.ca/en/online-grocery/search-page-462
TIPIAK,Lemon Mint Couscous,250 g,"$3.99
 ea.",,$1.60 /100g,"Regular price
$4.99  ea.","Valid until Jan 24, 2024",https://product-images.metro.ca/images/h0d/hb8/9530022559774.jpg,https://www.metro.ca/en/online-grocery/search-page-462
SPEED STICK,Ocean Surf Deodorant Stick,85 g,"$5.99
 ea.",,$7.05 /100g,,,https://product-images.metro.ca/images/h97/he4/11574051897374.jpg,https://www.metro.ca/en/online-grocery/search-page-462
CLUB HOUSE,Garlic Salt,220 g,"$7.29
 ea.",,$3.31 /100g,,,https://product-images.metro.ca/images/hc9/ha8/10109031481374.jpg,https://www.metro.ca/en/online-grocery/search-page-462
CESAR,"Grilled Chicken Flavoured Dog Treats, Double Delights",150 g,"$3.99
 ea.",,$2.66 /100g,,,,https://www.metro.ca/en/online-grocery/search-page-463
JOE BEEF,Butcher'S Blend Seasoning,200 g,"$8.79
 ea.",,$5.33 /100g,"Regular price
$9.49  ea.","Valid until Feb 7, 2024",https://product-images.metro.ca/images/h4c/hbd/9522555748382.jpg,https://www.metro.ca/en/online-grocery/search-page-463
GUINNESS,Irish Stout Beer,8x440 mL - cans,"$23.99
 ea.",,$0.68 /100ml,,,https://product-images.metro.ca/images/h81/h29/10081773486110.jpg,https://www.metro.ca/en/online-grocery/search-page-463
AIR WICK,Lavender And Almond Blossom Fragrant Mist Refill And...,1 un,"$11.49
 ea.",,$57.45 /100ml,"Regular price
$14.99  ea.","Valid until Feb 7, 2024",,https://www.metro.ca/en/online-grocery/search-page-463
U BY KOTEX,"Light Absorbency Liners, Security",64 un,"$5.29
 ea.",,$0.08 /un.,,,,https://www.metro.ca/en/online-grocery/search-page-463
LONEY'S,Hot Chicken Gravy Mix,400 g,"$6.99
 ea.",,$1.75 /100g,"Regular price
$7.99  ea.","Valid until Jan 24, 2024",https://product-images.metro.ca/images/hdd/hc8/9527064231966.jpg,https://www.metro.ca/en/online-grocery/search-page-463
DOVE,"Volume Boost Shampoo, Damage Therapy",355 mL,"$6.99
 ea.",,$1.97 /100ml,,,,https://www.metro.ca/en/online-grocery/search-page-463
DION,Ground Ginger,28 g,"$2.99
 ea.",,$10.68 /100g,"Regular price
$3.19  ea.","Valid until Feb 7, 2024",https://product-images.metro.ca/images/h5d/h9e/10239157567518.jpg,https://www.metro.ca/en/online-grocery/search-page-463
BROME LAKE DUCKS,Shredded Duck Confit,200 g,"$11.99
 ea.",,$6.00 /100g,,,https://product-images.metro.ca/images/hee/hdb/9534412783646.jpg,https://www.metro.ca/en/online-grocery/search-page-463
CASAL DOMINGO,Strawberry Blush Flavoured Non-Alcoholic Wine Bevera...,355 mL,"3 / 
$4.50",,$0.42 /100ml,"Regular price
$2.49  ea.","Valid until Feb 7, 2024",,https://www.metro.ca/en/online-grocery/search-page-463
WILTON,Cookie Pan,1 un,"$11.49
 ea.",,$11.49 /un.,,,https://product-images.metro.ca/images/hed/h69/9244508749854.jpg,https://www.metro.ca/en/online-grocery/search-page-463
AIR WICK,Country Berries® Scented Oil,20 mL,"$8.49
 ea.",,$42.45 /100ml,,,https://product-images.metro.ca/images/h13/hb8/11714246737950.jpg,https://www.metro.ca/en/online-grocery/search-page-463
GATORADE,"Orange Flavoured Sport Drink Beverage Crystals, Perform",560 g,"$6.49
 ea.",,$1.16 /100g,"Regular price
$6.99  ea.","Valid until Jan 24, 2024",,https://www.metro.ca/en/online-grocery/search-page-463
JULES DESTROOPER,Butter Crisps,100 g,"$5.99
 ea.",,$5.99 /100g,,,https://product-images.metro.ca/images/hfb/h6e/9533040558110.jpg,https://www.metro.ca/en/online-grocery/search-page-463
METROGO!,Skinless Atlantic Salmon Fillet,,"$40.54
 avg. ea.",,$50.68 /kg$22.99 /lb.,,,https://product-images.metro.ca/images/h70/h5e/12216215240734.jpg,https://www.metro.ca/en/online-grocery/search-page-463
PHOENICIA,Mung Beans,907 g,"$4.99
 ea.",,$0.55 /100g,,,https://product-images.metro.ca/images/h44/hfe/9218255552542.jpg,https://www.metro.ca/en/online-grocery/search-page-463
CEDAR,Fine Couscous,907 g,"$3.99
 ea.",,$0.44 /100g,,,https://product-images.metro.ca/images/hc4/h50/8847995240478.jpg,https://www.metro.ca/en/online-grocery/search-page-463
A.VOGEL,"Organic Original Aromatic Sea Salt, Herbamare",125 g,"$3.99
 ea.",,$3.19 /100g,,,,https://www.metro.ca/en/online-grocery/search-page-463
MCILHENNY CO.,"Hot Habanero Sauce, Tabasco",57 mL,"$3.99
 ea.",,$7.00 /100ml,"Regular price
$4.99  ea.","Valid until Jan 24, 2024",,https://www.metro.ca/en/online-grocery/search-page-463
M'LORD,Marinated Baby Artichoke Hearts,250 mL,"$4.49
 ea.",,$1.80 /100ml,"Regular price
$5.49  ea.","Valid until Jan 24, 2024",https://product-images.metro.ca/images/h42/h09/11307102666782.jpg,https://www.metro.ca/en/online-grocery/search-page-463
BENEFUL,"Rice And Lamb Stew Wet Dog Food, Prepared Meals",283 g,"2 / 
$6.00",,$1.06 /100g,"Regular price
$3.99  ea.","Valid until Jan 24, 2024",,https://www.metro.ca/en/online-grocery/search-page-463
SPEED STICK,Original Deodorant Stick,85 g,"$5.99
 ea.",,$7.05 /100g,,,https://product-images.metro.ca/images/h5e/hdb/11574053666846.jpg,https://www.metro.ca/en/online-grocery/search-page-463
DUMET,Spanish Manzanilla Olives Stuffed With Pimento Paste,200 g,"$4.99
 ea.",,$2.50 /100g,,,https://product-images.metro.ca/images/hf6/h6e/9111690215454.jpg,https://www.metro.ca/en/online-grocery/search-page-463
ORVILLE REDENBACHER,"Simply Salted Flavoured Popcorn, Gourmet",116 g,"$4.79
 ea.",,$4.13 /100g,,,,https://www.metro.ca/en/online-grocery/search-page-463
INTERNATIONAL DELIGHT,Southern Butter Pecan Flavoured Coffee Enhancer,946 mL,"$5.79
 ea.",,$0.61 /100ml,"Regular price
$6.49  ea.","Valid until Feb 14, 2024",https://product-images.metro.ca/images/hab/h0b/11590595182622.jpg,https://www.metro.ca/en/online-grocery/search-page-463
CEDAR,Black Eye Peas,907 g,"$5.49
 ea.",,$0.61 /100g,,,https://product-images.metro.ca/images/hdc/h18/11590633947166.jpg,https://www.metro.ca/en/online-grocery/search-page-463
KÉVY,Frozen Veal And Tofu Sausage,250 g,"$4.99
 ea.",,$2.00 /100g,,,https://product-images.metro.ca/images/hb9/ha0/8818561974302.jpg,https://www.metro.ca/en/online-grocery/search-page-463
SENSODYNE,"ProNamel Children Toothpaste, Pro Namel",75 mL,"$5.99
 ea.",,$7.99 /100ml,,,,https://www.metro.ca/en/online-grocery/search-page-463
CHOCOLATS FAVORIS,Dulce De Leche Milk Chocolate Drops,250 g,"$5.99
 ea.",,$2.40 /100g,,,https://product-images.metro.ca/images/hb2/h04/10509582237726.jpg,https://www.metro.ca/en/online-grocery/search-page-463
DION,Black Peppercorns,90 g,"$5.99
 ea.",,$6.66 /100g,"Regular price
$6.79  ea.","Valid until Feb 7, 2024",https://product-images.metro.ca/images/hde/h48/10378910335006.jpg,https://www.metro.ca/en/online-grocery/search-page-463
PLAISIRS GASTRONOMIQUES,Portuguese Chicken Leg,870 g,"$14.99
 ea.",,$1.72 /100g,,,https://product-images.metro.ca/images/h2b/h1c/12050783830046.jpg,https://www.metro.ca/en/online-grocery/search-page-464
MR & MRS T,Margarita Mix,1 L,"$5.49
 ea.",,$0.55 /100ml,,,https://product-images.metro.ca/images/hf5/h71/9985447821342.jpg,https://www.metro.ca/en/online-grocery/search-page-464
COOL&SIMPLE,Sarladaise Potatoes,600 g,"$7.99
 ea.",,$1.33 /100g,"Regular price
$8.99  ea.","Valid until Feb 14, 2024",https://product-images.metro.ca/images/h8f/h74/11735036788766.jpg,https://www.metro.ca/en/online-grocery/search-page-464
MILLE FLEURS,Onion Confit,250 mL,"$7.99
 ea.",,$3.20 /100ml,,,https://product-images.metro.ca/images/h39/h4b/10062185529374.jpg,https://www.metro.ca/en/online-grocery/search-page-464
BRÛLERIE ST-DENIS,Marie 2™ Blend Ground Coffee,300 g,"$14.99
 ea.",,$5.00 /100g,,,https://product-images.metro.ca/images/h2b/hd3/11257126682654.jpg,https://www.metro.ca/en/online-grocery/search-page-464
WINDEX,Windex Multi Surface Cleaner,765 mL,"$5.99
 ea.",,$0.78 /100ml,"Regular price
$6.49  ea.","Valid until Feb 7, 2024",https://product-images.metro.ca/images/h85/h8d/11665438670878.jpg,https://www.metro.ca/en/online-grocery/search-page-464
BABYBEL,Lactose Free Assorted Mini Cheeses,12x20 g,"$9.29
 ea.",,$3.87 /100g,,,https://product-images.metro.ca/images/hc4/hfa/9534120525854.jpg,https://www.metro.ca/en/online-grocery/search-page-464
IAMS,"Healthy Adult™ Salmon Recipe Pâté Cat Food, Perfect ...",2x37.5 g,"$1.99
 ea.",,$2.65 /100g,,,,https://www.metro.ca/en/online-grocery/search-page-464
SLEEMAN,"Lager Beer, Original Draught",30x355 mL - cans,"$42.99
 ea.",,$0.40 /100ml,"Regular price
$44.99  ea.","Valid until Jan 10, 2024",,https://www.metro.ca/en/online-grocery/search-page-464
CESAR,Filet Mignon And Chicken & Liver Flavoured Entrées F...,12x100 g,"$17.99
 ea.",,$1.50 /100g,"Regular price
$20.99  ea.","Valid until Jan 10, 2024",,https://www.metro.ca/en/online-grocery/search-page-464
DOVE,"Deep Clean Body Wash, Men+Care",400 mL,"$6.49
 ea.",,$1.62 /100ml,,,,https://www.metro.ca/en/online-grocery/search-page-464
AKI SUSHI,Crab Poke Bowl,354 g,"$15.99
 ea.",,$4.52 /100g,,,https://product-images.metro.ca/images/hf7/hc3/11195851866142.jpg,https://www.metro.ca/en/online-grocery/search-page-464
CLUB HOUSE,Organic Basil Leaves,10 g,"$2.99
 ea.",,$29.90 /100g,"Regular price
$3.29  ea.","Valid until Feb 7, 2024",https://product-images.metro.ca/images/hf0/he8/11412554711070.jpg,https://www.metro.ca/en/online-grocery/search-page-464
AURORA,"Hot Pickled Eggplants In Oil, Melenzane",500 mL,"$5.49
 ea.",,$1.10 /100ml,"Regular price
$6.29  ea.","Valid until Jan 24, 2024",,https://www.metro.ca/en/online-grocery/search-page-464
PAPILLE,Black Beer Rosette De Lyon Sausage,300 g,"$13.99
 ea.",,$4.66 /100g,,,https://product-images.metro.ca/images/h5e/h61/9529836371998.jpg,https://www.metro.ca/en/online-grocery/search-page-464
RED BULL,Sugar Free Energy Drink,355 mL,"$3.99
 ea.",,$1.12 /100ml,,,https://product-images.metro.ca/images/hc4/hc1/10175667142686.jpg,https://www.metro.ca/en/online-grocery/search-page-464
DUBRETON,Sliced Organic Boreal Flavoured Smoked Ham,150 g,"$9.49
 ea.",,$6.33 /100g,,,https://product-images.metro.ca/images/hee/hd3/9533600366622.jpg,https://www.metro.ca/en/online-grocery/search-page-464
IRRESISTIBLES,Maple Sugar,220 g,"$8.79
 ea.",,$4.00 /100g,,,https://product-images.metro.ca/images/h72/h04/11521236959262.jpg,https://www.metro.ca/en/online-grocery/search-page-464
SMIRNOFF ICE,"Original Flavour Alcoholic Malt Beverage, Encore",12x330 mL,"$22.99
 ea.",,$0.58 /100ml,"Regular price
$23.99  ea.","Valid until Feb 7, 2024",,https://www.metro.ca/en/online-grocery/search-page-464
JARLSBERG,Lactose Free Jarlsberg Cheese Snack,170 g,"$9.99
 ea.",,$5.88 /100g,,,https://product-images.metro.ca/images/h2a/hd2/11735073947678.jpg,https://www.metro.ca/en/online-grocery/search-page-464
BIRRA MORETTI,Italian Lager Beer,500 mL - can,"$4.79
 ea.",,$0.96 /100ml,,,https://product-images.metro.ca/images/hd3/hb6/9486703788062.jpg,https://www.metro.ca/en/online-grocery/search-page-464
AGGA COFFEE,"Espresso Ground Coffee, Intenso",250 g,"$7.29
 ea.",,$2.92 /100g,"Regular price
$8.29  ea.","Valid until Feb 7, 2024",,https://www.metro.ca/en/online-grocery/search-page-464
AVEENO,Daily Moisturizing Body Wash,354 ml,"$9.99
 ea.",,$2.82 /100ml,,,https://product-images.metro.ca/images/h54/h8f/11849307193374.jpg,https://www.metro.ca/en/online-grocery/search-page-464
NABOB,"Extra Large Midnight Eclipse Coffee T Discs, Tassimo",12 un,"$10.49
 ea.",,$0.87 /un.,,,,https://www.metro.ca/en/online-grocery/search-page-464
SELECTION,"Frozen Rising Crust Pepperoni Pizzas, Vlaue Pack",3x725 g,"$14.99
 ea.",,$0.69 /100g,,,,https://www.metro.ca/en/online-grocery/search-page-464
GLACÉAU,"Vapour Distilled Water, Smartwater",1.5 L,"$3.99
 ea.",,$0.27 /100ml,,,,https://www.metro.ca/en/online-grocery/search-page-464
ENSURE,"Strawberry Flavoured Meal Replacement, Plus Calories",6x235 ml,"$16.99
 ea.",,$1.20 /100ml,,,,https://www.metro.ca/en/online-grocery/search-page-464
PEDIGREE,"Original Flavoured Oral Care Treats For Large Dogs, ...",292 g,"$6.29
 ea.",,$2.15 /100g,,,,https://www.metro.ca/en/online-grocery/search-page-464
IAMS,"Dry Senior Cat Food, ProActive Health",1.59 kg,"$15.49
 ea.",,$0.97 /100g,"Regular price
$17.99  ea.","Valid until Jan 10, 2024",,https://www.metro.ca/en/online-grocery/search-page-464
GLUTINO,Original Gluten Free Crackers,125 g,"$5.99
 ea.",,$4.79 /100g,,,https://product-images.metro.ca/images/h53/hfb/9529785974814.jpg,https://www.metro.ca/en/online-grocery/search-page-464
,Skin-On Chicken Thighs,8 to 10 per tray,"$13.75
 avg. ea.","(1,250 g avg.)",$11.00 /kg$4.99 /lb.,,,https://product-images.metro.ca/images/ha7/hef/11503758245918.jpg,https://www.metro.ca/en/online-grocery/search-page-465
VILEDA,Quick Wring™ Bucket,1 un,"$14.99
 ea.",,$14.99 /un.,,,https://product-images.metro.ca/images/hd9/h30/11937036861470.jpg,https://www.metro.ca/en/online-grocery/search-page-465
BLUE DRAGON,Sweet & Sour Stir Fry Sauce,140 mL,"$1.99
 ea.",,$1.42 /100ml,"Regular price
$2.39  ea.","Valid until Jan 24, 2024",https://product-images.metro.ca/images/hcb/h42/10288403906590.jpg,https://www.metro.ca/en/online-grocery/search-page-465
SUNRYPE,"Cranberry Juice, Slim",1.36 L,"$3.49
 ea.",,$0.26 /100ml,"Regular price
$4.39  ea.","Valid until Jan 24, 2024",,https://www.metro.ca/en/online-grocery/search-page-465
VALOR,Dark Chocolate 70% Cocoa Bar With Mediterranean Salt,100 g,"$3.49
 ea.",,$3.49 /100g,"Regular price
$4.99  ea.","Valid until Jan 24, 2024",https://product-images.metro.ca/images/h22/had/9435468562462.jpg,https://www.metro.ca/en/online-grocery/search-page-465
PLANTERS,Honey Nut Mix,425 g,"$6.99
 ea.",,$1.64 /100g,"Regular price
$8.29  ea.","Valid until Jan 24, 2024",https://product-images.metro.ca/images/ha6/h2d/11477817262110.jpg,https://www.metro.ca/en/online-grocery/search-page-465
MICROBRASSERIE CHARLEVOIX,"Belgian-Style Dubbel White Beer, Dominus Vobiscum Bl...",500 mL - bottle,"$5.49
 ea.",,$1.10 /100ml,,,,https://www.metro.ca/en/online-grocery/search-page-465
SELECTION,Ground Black Pepper,540 g,"$14.99
 ea.",,$2.78 /100g,,,https://product-images.metro.ca/images/h96/h75/8856044961822.jpg,https://www.metro.ca/en/online-grocery/search-page-465
COMMENSAL,Vegetable Couscous Dinner,260 g,"$4.49
 ea.",,$1.73 /100g,"Regular price
$4.69  ea.","Valid until Feb 14, 2024",https://product-images.metro.ca/images/hf3/hfe/10413169639454.jpg,https://www.metro.ca/en/online-grocery/search-page-465
ANGOSTURA,Aromatic Bitter Mix For Cocktail,100 mL,"$14.49
 ea.",,$14.49 /100ml,,,https://product-images.metro.ca/images/h1f/h4d/11244012109854.jpg,https://www.metro.ca/en/online-grocery/search-page-465
LA MILANAISE,Organic Golden Cane Sugar,1 kg,"$6.49
 ea.",,$0.65 /100g,,,https://product-images.metro.ca/images/h0b/h17/10792040202270.jpg,https://www.metro.ca/en/online-grocery/search-page-465
CASTELLO,Danish Brie Cheese,125 g,"$8.00
 ea.",,$6.40 /100g,,,https://product-images.metro.ca/images/h70/hfd/11449525796894.jpg,https://www.metro.ca/en/online-grocery/search-page-465
QUALI DESSERTS,Frozen Opera Cake,6 in by 7 in - 400 g,"$12.99
 ea.",,$3.25 /100g,,,https://product-images.metro.ca/images/hbc/hd2/8861492019230.jpg,https://www.metro.ca/en/online-grocery/search-page-465
LABATT,"Pilsner Beer, Blue",12x355 mL - cans,"$21.99
 ea.",,$0.52 /100ml,,,,https://www.metro.ca/en/online-grocery/search-page-465
CLOVER LEAF,"Spicy Thaï Chili Tuna Snack With Crackers, Tuna Snacks",90 g,"$2.69
 ea.",,$2.99 /100g,,,,https://www.metro.ca/en/online-grocery/search-page-465
CEDAR,White Kidney Beans,907 g,"$4.49
 ea.",,$0.50 /100g,,,https://product-images.metro.ca/images/h52/h4c/8896331022366.jpg,https://www.metro.ca/en/online-grocery/search-page-465
TRESEMMÉ,"Extra Hold Hair Spray, TRES Two",311 g,"$7.29
 ea.",,$2.34 /100g,,,,https://www.metro.ca/en/online-grocery/search-page-465
SNOWDON BAKERY,Small Long Egg Twist Bread,480 g,"$7.79
 ea.",,$1.62 /100g,,,https://product-images.metro.ca/images/he2/h35/8906837098526.jpg,https://www.metro.ca/en/online-grocery/search-page-465
MAXWELL HOUSE,Decaffeinated Ground Coffee,631 g,"$11.99
 ea.",,$1.90 /100g,,,https://product-images.metro.ca/images/he6/he6/9986844131358.jpg,https://www.metro.ca/en/online-grocery/search-page-465
TRUDEAU,Roasted Garlic Seasoning,115 g,"$5.99
 ea.",,$5.21 /100g,,,https://product-images.metro.ca/images/hcc/hba/11461722406942.jpg,https://www.metro.ca/en/online-grocery/search-page-465
LYSOL,"Spring Waterfall® Scented Toilet Bowl Cleaner, Click...",4un,"$3.99
 ea.",,$1.00 /un.,"Regular price
$5.49  ea.","Valid until Feb 7, 2024",,https://www.metro.ca/en/online-grocery/search-page-465
CANABEC,Frozen Deer Meat For Fondue,200 g,"$14.99
 ea.",,$7.50 /100g,"Regular price
$15.99  ea.","Valid until Jan 17, 2024",https://product-images.metro.ca/images/h20/h55/9882894401566.jpg,https://www.metro.ca/en/online-grocery/search-page-465
TAMPAX,Super Plus Unscented Tampons With Plastic Applicator...,18 un,"$5.99
 ea.",,$0.33 /un.,,,,https://www.metro.ca/en/online-grocery/search-page-465
SNOWDON BAKERY,Mini Round Egg Buns,"12 egg rolls, 480 g","$7.79
 ea.",,$1.62 /100g,,,https://www.metro.ca/images/shared/placeholders/icon-no-picture.svg?v=2023.71.1.d1,https://www.metro.ca/en/online-grocery/search-page-465
QUALI DESSERTS,Frozen Pre-Cut Chocolate Mousse Cake,7 in - 575 g,"$19.99
 ea.",,$3.48 /100g,,,https://product-images.metro.ca/images/h01/h24/8859943534622.jpg,https://www.metro.ca/en/online-grocery/search-page-465
FANCY FEAST,"Flaked Tuna Wet Cat Food Complement, Hors D'Œuvre",57 g,"4 / 
$6.00",,$2.63 /100g,"Regular price
$1.99  ea.","Valid until Jan 24, 2024",,https://www.metro.ca/en/online-grocery/search-page-465
METROGO!,Frozen Salmon Pie 8",600 tg,"3 / 
$24.00",,or $8.99 ea. $1.33 /100g,"Regular price
$10.99  ea.","Valid until Jan 17, 2024",,https://www.metro.ca/en/online-grocery/search-page-465
FRESH GOURMET,Lightly Salted Crispy Onions,99 g,"$3.99
 ea.",,$4.03 /100g,"Regular price
$4.99  ea.","Valid until Jan 10, 2024",https://product-images.metro.ca/images/h76/had/11274275356702.jpg,https://www.metro.ca/en/online-grocery/search-page-465
BIOVERT,White Kitchen Garbage Bags,50 un,"$6.49
 ea.",,$0.13 /un.,,,https://product-images.metro.ca/images/h21/he5/9963055120414.jpg,https://www.metro.ca/en/online-grocery/search-page-465
IRRESISTIBLES,Raw Shelled Pistachios,175 g,"$8.99
 ea.",,$5.14 /100g,,,https://product-images.metro.ca/images/hb8/h38/9051557330974.jpg,https://www.metro.ca/en/online-grocery/search-page-465
DR PEPPER,Soft Drink,2 L,"2 / 
$6.00",,$0.15 /100ml,"Regular price
$3.49  ea.","Valid until Jan 24, 2024",https://product-images.metro.ca/images/h26/hf0/12018718507038.jpg,https://www.metro.ca/en/online-grocery/search-page-466
SELECTION,50W Halogen Flood Lightbulbs,2 un,"$1.99
 ea.",,$1.00 /un.,,,https://product-images.metro.ca/images/h48/h01/8808987295774.jpg,https://www.metro.ca/en/online-grocery/search-page-466
PLATINUM,AAA Platinum Angus T-Bone Steak,,"$25.29
 avg. ea.",(425 g avg.),$59.50 /kg$26.99 /lb.,,,https://product-images.metro.ca/images/hea/h0b/9185801076766.jpg,https://www.metro.ca/en/online-grocery/search-page-466
OGGI,Frozen Gluten Free Margherita Pizza,452 g,"$12.49
 ea.",,$2.76 /100g,,,https://product-images.metro.ca/images/h27/hb8/11994757300254.jpg,https://www.metro.ca/en/online-grocery/search-page-466
CEDAR,Jumbo Bean Mix,540 mL,"$2.99
 ea.",,$0.55 /100ml,"Regular price
$3.49  ea.","Valid until Jan 24, 2024",https://product-images.metro.ca/images/hfd/h89/11590629654558.jpg,https://www.metro.ca/en/online-grocery/search-page-466
SPARKLING ICE,Coconut And Pineapple Flavoured Sparkling Beverage,503 mL,"2 / 
$3.50",,$0.35 /100ml,"Regular price
$2.19  ea.","Valid until Feb 7, 2024",https://product-images.metro.ca/images/h63/hba/11709554884638.jpg,https://www.metro.ca/en/online-grocery/search-page-466
ST. DALFOUR,Royal Fig Deluxe Spread,225 mL,"$7.49
 ea.",,$3.33 /100ml,,,https://product-images.metro.ca/images/h24/hdd/10286952775710.jpg,https://www.metro.ca/en/online-grocery/search-page-466
DION,Ground Black Pepper,78 g,"$5.99
 ea.",,$7.68 /100g,"Regular price
$6.79  ea.","Valid until Feb 7, 2024",https://product-images.metro.ca/images/h88/h67/10378909057054.jpg,https://www.metro.ca/en/online-grocery/search-page-466
TIDE,"Ultra Oxi Liquid Laundry Detergent, Ultra",29 loads-1.36 L,"$11.99
 ea.",,$0.41 /load,,,,https://www.metro.ca/en/online-grocery/search-page-466
NESTLÉ,"Hot Chocolate K-Cup® Pods, Carnation",12un,"$10.99
 ea.",,$0.92 /un.,,,,https://www.metro.ca/en/online-grocery/search-page-466
METROGO!,Chicken Cordon Bleu,,"$6.36
 avg. ea.",(275 g avg.),$23.13 /kg$10.49 /lb.,"Regular price
$24.23  avg. kg","Valid until Jan 10, 2024",https://product-images.metro.ca/images/h6f/h46/8886378790942.jpg,https://www.metro.ca/en/online-grocery/search-page-466
BLUE DRAGON,Thai Sweet Chili Sauce,310 mL,"$4.99
 ea.",,$1.61 /100ml,,,https://product-images.metro.ca/images/h36/hc6/9870731116574.jpg,https://www.metro.ca/en/online-grocery/search-page-466
MCILHENNY CO.,"Chipotle Pepper Sauce, Tabasco",57 mL,"$2.99
 ea.",,$5.25 /100ml,"Regular price
$3.79  ea.","Valid until Jan 24, 2024",,https://www.metro.ca/en/online-grocery/search-page-466
BIOITALIA,Organic Farfalle,500 g,"$3.49
 ea.",,$0.70 /100g,,,https://product-images.metro.ca/images/ha7/h24/9836303482910.jpg,https://www.metro.ca/en/online-grocery/search-page-466
,Chive In A Pot,1 un,"$5.99
 ea.",,$5.99 /un.,,,https://product-images.metro.ca/images/h21/h0d/9916399812638.jpg,https://www.metro.ca/en/online-grocery/search-page-466
OGX,Argan Oil Of Morocco Shampoo,385 mL,"$9.49
 ea.",,$2.46 /100ml,"Regular price
$10.79  ea.","Valid until Feb 7, 2024",https://product-images.metro.ca/images/hf3/hd0/9514297753630.jpg,https://www.metro.ca/en/online-grocery/search-page-466
GRIZZLY,Frozen Salmon Tartare Combo Pack,150 g,"$11.99
 ea.",,$7.05 /100g,,,https://product-images.metro.ca/images/h33/he9/9533030465566.jpg,https://www.metro.ca/en/online-grocery/search-page-466
DION,Mexican Chili Powder,39 g,"$3.69
 ea.",,$9.46 /100g,,,https://product-images.metro.ca/images/h25/h52/10319475179550.jpg,https://www.metro.ca/en/online-grocery/search-page-466
LECLERC,"Chocolate Coated Cookie Dough Chewy Bars, Chocomax",175 g,"$1.77
 ea.",,$1.01 /100g,"Regular price
$3.79  ea.","Valid until Jan 10, 2024",,https://www.metro.ca/en/online-grocery/search-page-466
OLD SPICE,"Pure Sport Scented Body Wash, High Endurance",532 mL,"$7.99
 ea.",,$1.50 /100ml,,,,https://www.metro.ca/en/online-grocery/search-page-466
TWININGS,Herbal Tea Bags Variety Pack,20 un,"$5.79
 ea.",,$0.29 /un.,,,https://product-images.metro.ca/images/hd9/hf6/11675977678878.jpg,https://www.metro.ca/en/online-grocery/search-page-466
SUNRYPE,"Apple Strawberry Fruit Bar, Fruitsource",37 g,"3 / 
$4.00",,$3.60 /100g,,,,https://www.metro.ca/en/online-grocery/search-page-466
PIED-MONT,Caramel Spread,400 g,"$2.99
 ea.",,$0.75 /100g,,,https://product-images.metro.ca/images/h2e/h9b/9910202564638.jpg,https://www.metro.ca/en/online-grocery/search-page-466
BLUE DIAMOND,"Rice Crackers With Pecans, Nut-Thins",120 g,"$4.99
 ea.",,$4.16 /100g,"Regular price
$5.99  ea.","Valid until Jan 24, 2024",,https://www.metro.ca/en/online-grocery/search-page-466
SELECTION,Salted And Roasted Whole Almonds,225 g,"$5.49
 ea.",,$2.44 /100g,"Regular price
$5.99  ea.","Valid until Jan 24, 2024",https://product-images.metro.ca/images/h63/h46/11521267925022.jpg,https://www.metro.ca/en/online-grocery/search-page-466
CLUB HOUSE,"Spicy Pepper Medley Seasoning, La Grille",150 g,"$6.49
 ea.",,$4.33 /100g,,,,https://www.metro.ca/en/online-grocery/search-page-466
COMMENSAL,Greek Style Casserole With Basmati Rice,260 g,"$4.49
 ea.",,$1.73 /100g,"Regular price
$4.69  ea.","Valid until Feb 14, 2024",https://product-images.metro.ca/images/hb5/h43/10413169934366.jpg,https://www.metro.ca/en/online-grocery/search-page-466
D'AUCY,White Kidney Beans,398 mL,"$3.49
 ea.",,$0.88 /100ml,,,https://product-images.metro.ca/images/hc0/h20/11714261909534.jpg,https://www.metro.ca/en/online-grocery/search-page-466
,Boneless Grain Veal Stewing Cubes,,"$14.00
 avg. ea.",(454 g avg.),$30.84 /kg$13.99 /lb.,,,https://product-images.metro.ca/images/h2b/h25/9233944739870.jpg,https://www.metro.ca/en/online-grocery/search-page-466
,"Fresh Chilean Atlantic Salmon Fillet, Value Pack, Va...",,"$19.28
 avg. ea.",(500 g avg.),$38.56 /kg$17.49 /lb.,,,,https://www.metro.ca/en/online-grocery/search-page-466
PILAROS,Marinated Roasted Red Peppers,500 mL,"$4.49
 ea.",,$0.90 /100ml,"Regular price
$5.29  ea.","Valid until Jan 24, 2024",https://product-images.metro.ca/images/hb6/h17/9916411936798.jpg,https://www.metro.ca/en/online-grocery/search-page-467
QUALI DESSERTS,Frozen Chocolate Mill Cake,6 in - 450 g,"$12.99
 ea.",,$2.89 /100g,,,https://product-images.metro.ca/images/ha2/h52/8860258435102.jpg,https://www.metro.ca/en/online-grocery/search-page-467
GERBER,"Banana Flavoured Wholegrain, Rice And Apple Baby Sn...",42 g,"$4.99
 ea.",,$11.88 /100g,,,,https://www.metro.ca/en/online-grocery/search-page-467
DIPPITY-DO,"Strong Hold Sport Texture Gel, Sport",350 ml,"$2.99
 ea.",,$0.85 /100ml,,,,https://www.metro.ca/en/online-grocery/search-page-467
BEATRICE,0.25% Buttermilk,1 L,"$4.29
 ea.",,$0.43 /100ml,,,https://product-images.metro.ca/images/h57/had/12230519029790.jpg,https://www.metro.ca/en/online-grocery/search-page-467
IRRESISTIBLES,Solid Albacore Tuna In Water,142 g,"$4.49
 ea.",,$3.16 /100g,,,https://product-images.metro.ca/images/he0/hfa/9519464742942.jpg,https://www.metro.ca/en/online-grocery/search-page-467
GLYSOMED,Glysomed Hand Cream,50 mL,"$4.19
 ea.",,$8.38 /100ml,,,https://product-images.metro.ca/images/h85/h90/9167913648158.jpg,https://www.metro.ca/en/online-grocery/search-page-467
M'LORD,Miniature Corn Cobs In Pieces,398 mL,"$2.99
 ea.",,$0.75 /100ml,,,https://product-images.metro.ca/images/he1/h43/11521156612126.jpg,https://www.metro.ca/en/online-grocery/search-page-467
,Organic Red Potatoes,5 lb,"$6.99
 ea.",,$0.31 /100g,,,https://product-images.metro.ca/images/h85/he1/11511621615646.jpg,https://www.metro.ca/en/online-grocery/search-page-467
IRRESISTIBLES,Chili Garlic Olive Oil,250 mL,"$7.99
 ea.",,$3.20 /100ml,"Regular price
$9.49  ea.","Valid until Feb 7, 2024",https://product-images.metro.ca/images/h66/h35/10475410685982.jpg,https://www.metro.ca/en/online-grocery/search-page-467
FANCY FEAST,"Wild Alaskan Salmon Wet Cat Food Complement, Hors D'...",57 g,"4 / 
$6.00",,$2.63 /100g,"Regular price
$1.99  ea.","Valid until Jan 24, 2024",,https://www.metro.ca/en/online-grocery/search-page-467
VILEDA,Heavy Duty Stainless Steel Scrubbing Pad,2 un,"$3.99
 ea.",,$3.99 /un.,,,https://product-images.metro.ca/images/hea/h2b/11937040597022.jpg,https://www.metro.ca/en/online-grocery/search-page-467
IRRESISTIBLES,Frozen Lobster Wonton Bites,283 g,"$15.99
 ea.",,$5.65 /100g,,,https://product-images.metro.ca/images/h1a/he0/10269096935454.jpg,https://www.metro.ca/en/online-grocery/search-page-467
,Case Of Vanilla Persimmon,1 un,"$9.99
 ea.",,$9.99 /un.,,,https://product-images.metro.ca/images/hbb/ha2/11521228603422.jpg,https://www.metro.ca/en/online-grocery/search-page-467
NATURE'S PATH,Organic Hot Oatmeal Packets,8x50 g,"$5.49
 ea.",,$1.37 /100g,"Regular price
$6.49  ea.","Valid until Feb 7, 2024",https://product-images.metro.ca/images/h5b/hcb/9518679916574.jpg,https://www.metro.ca/en/online-grocery/search-page-467
DOVE,Cool Essentials® Invisible Solid Antiperspirant,74 g,"$7.99
 ea.",,$10.80 /100g,,,https://product-images.metro.ca/images/hfd/h20/11570779422750.jpg,https://www.metro.ca/en/online-grocery/search-page-467
METROGO!,Octopus Salad,,"$7.76
 avg. ea.",(220 g avg.),$35.25 /kg$15.99 /lb.,,,https://product-images.metro.ca/images/h66/h48/8900510154782.jpg,https://www.metro.ca/en/online-grocery/search-page-467
GLADE,Vanilla Passionfruit & Hawaiian Breeze 2-In-1 Scente...,1 un,"$4.99
 ea.",,$4.99 /un.,"Regular price
$6.79  ea.","Valid until Feb 7, 2024",,https://www.metro.ca/en/online-grocery/search-page-467
CHARLEVOISIENNE,Maple Flavoured Country Style Pâté,125 g,"$4.49
 ea.",,$3.59 /100g,,,https://product-images.metro.ca/images/hf1/h7f/11449564299294.jpg,https://www.metro.ca/en/online-grocery/search-page-467
L'AUBERGE,Canadian White Wine,4 L,"$40.99
 ea.",,$1.02 /100ml,,,https://product-images.metro.ca/images/hef/hcc/8880825073694.jpg,https://www.metro.ca/en/online-grocery/search-page-467
METROGO!,Spinach & Fruit Salad,,"$6.99
 ea.",,$2.54 /100g,,,https://product-images.metro.ca/images/h1e/ha3/9006346076190.jpg,https://www.metro.ca/en/online-grocery/search-page-467
SAPUTO,Mozzarella Fresca Cheese,250 g,"$6.49
 ea.",,$2.60 /100g,"Regular price
$10.49  ea.","Valid until Jan 17, 2024",https://product-images.metro.ca/images/hed/h10/9527919411230.jpg,https://www.metro.ca/en/online-grocery/search-page-467
CEDAR,Harissa Sauce,140 mL,"$1.49
 ea.",,$1.06 /100ml,,,https://product-images.metro.ca/images/h49/hab/11590628278302.jpg,https://www.metro.ca/en/online-grocery/search-page-467
L'AUBERGE,Canadian Red Wine,4 L,"$40.99
 ea.",,$1.02 /100ml,,,https://product-images.metro.ca/images/h68/h9b/8812697681950.jpg,https://www.metro.ca/en/online-grocery/search-page-467
AURORA,"Hot Mixed Vegetables In Oil, Antipasto Calabrese",500 mL,"$5.49
 ea.",,$1.10 /100ml,"Regular price
$6.29  ea.","Valid until Jan 24, 2024",,https://www.metro.ca/en/online-grocery/search-page-467
CABALLERO,Chilean Red Wine,1 L,"$14.99
 ea.",,$1.50 /100ml,,,https://product-images.metro.ca/images/hf7/h21/10841451036702.jpg,https://www.metro.ca/en/online-grocery/search-page-467
LINDT,"White Chocolate Truffles, Lindor",150 g,"$7.79
 ea.",,$5.19 /100g,"Regular price
$8.99  ea.","Valid until Jan 24, 2024",,https://www.metro.ca/en/online-grocery/search-page-467
CAT CHOW,"Chicken Dry Cat Food, Complete",8 kg,"$28.49
 ea.",,$0.36 /100g,,,,https://www.metro.ca/en/online-grocery/search-page-467
STAROPRAMEN,Lager Beer,500 mL - can,"$4.79
 ea.",,$0.96 /100ml,,,https://product-images.metro.ca/images/h30/hc9/9508356915230.jpg,https://www.metro.ca/en/online-grocery/search-page-467
CLIF BAR,"Chocolate And Mint Flavoured Protein Bar, Builder'S",68 g,"$2.49
 ea.",,$3.66 /100g,,,,https://www.metro.ca/en/online-grocery/search-page-467
BETTY CROCKER,Salted Caramel Brownie Mix,521 g,"$5.49
 ea.",,$1.05 /100g,,,https://product-images.metro.ca/images/h21/hef/11432755593246.jpg,https://www.metro.ca/en/online-grocery/search-page-468
METROGO!,Grapes And Cheese,Large,"$14.99
 ea.",,$2.50 /100g,,,https://product-images.metro.ca/images/h19/h82/8893515661342.jpg,https://www.metro.ca/en/online-grocery/search-page-468
PREMIÈRE MOISSON,Praline Chocolate Cake,515 g,"$25.99
 ea.",,$5.05 /100g,,,https://product-images.metro.ca/images/h34/h78/8912006414366.jpg,https://www.metro.ca/en/online-grocery/search-page-468
AP GOURMET,Caramelized Onion,160 g,"$7.19
 ea.",,$4.49 /100g,,,https://product-images.metro.ca/images/hd6/h61/9938142035998.jpg,https://www.metro.ca/en/online-grocery/search-page-468
CLUB HOUSE,Whole Black Pepper,135 g,"$9.49
 ea.",,$7.03 /100g,,,https://product-images.metro.ca/images/hb0/h1c/10062170488862.jpg,https://www.metro.ca/en/online-grocery/search-page-468
DION,Onion Powder,39 g,"$3.19
 ea.",,$8.18 /100g,,,https://product-images.metro.ca/images/h01/hbb/10239171788830.jpg,https://www.metro.ca/en/online-grocery/search-page-468
BIOITALIA,Organic Fusilli,500 g,"$3.49
 ea.",,$0.70 /100g,,,https://product-images.metro.ca/images/ha9/h84/9836300009502.jpg,https://www.metro.ca/en/online-grocery/search-page-468
METROGO!,Vegetable Mix For Raclette,,"$4.99
 ea.",,$1.25 /100g,,,https://product-images.metro.ca/images/h1a/hbf/8837149982750.jpg,https://www.metro.ca/en/online-grocery/search-page-468
PACIFIC,Organic Butternut Squash Soup,1 L,"$7.99
 ea.",,$0.80 /100ml,"Regular price
$8.99  ea.","Valid until Jan 24, 2024",https://product-images.metro.ca/images/h17/hf8/9633888829470.jpg,https://www.metro.ca/en/online-grocery/search-page-468
PASTENE,Pickled Green Peppers,375 mL,"$3.69
 ea.",,$0.98 /100ml,,,https://product-images.metro.ca/images/hbf/h0e/11892972257310.jpg,https://www.metro.ca/en/online-grocery/search-page-468
VIM,Liquid Wood Floor Cleaner,1 L,"$4.79
 ea.",,$0.48 /100ml,,,https://product-images.metro.ca/images/hc7/hc6/11730387599390.jpg,https://www.metro.ca/en/online-grocery/search-page-468
KRISPY KERNELS,Bbq Fiesta Cocktail Mix,225 g,"$3.99
 ea.",,$1.77 /100g,"Regular price
$4.69  ea.","Valid until Jan 24, 2024",https://product-images.metro.ca/images/h48/hb3/9398156525598.jpg,https://www.metro.ca/en/online-grocery/search-page-468
TWININGS,Pomegranate And Raspberry Herbal Tea Bags,20 un,"$5.79
 ea.",,$0.29 /un.,,,https://product-images.metro.ca/images/hf5/h05/11675975876638.jpg,https://www.metro.ca/en/online-grocery/search-page-468
CELESTIAL,Peppermint Herbal Tea Bags,20 un,"$4.99
 ea.",,$16.10 /100un.,,,https://product-images.metro.ca/images/he0/h0d/12210134777886.jpg,https://www.metro.ca/en/online-grocery/search-page-468
TORRES,"Italian White Wine, Cantini",750 mL,"$11.49
 ea.",,$1.53 /100ml,,,,https://www.metro.ca/en/online-grocery/search-page-468
AGGA COFFEE,Decaffeinato Nespresso® Coffee Pods,10 un,"$6.99
 ea.",,$0.70 /un.,,,https://product-images.metro.ca/images/h13/h75/12050655674398.jpg,https://www.metro.ca/en/online-grocery/search-page-468
BROOKSIDE,Pomegranate Flavoured Dark Chocolate,235 g,"$4.99
 ea.",,$2.12 /100g,"Regular price
$6.29  ea.","Valid until Jan 24, 2024",https://product-images.metro.ca/images/h9c/h18/11449573179422.jpg,https://www.metro.ca/en/online-grocery/search-page-468
IRRESISTIBLES,Frozen New York Style Tuxedo Cheesecake,600 g,"$15.49
 ea.",,$2.58 /100g,"Regular price
$17.49  ea.","Valid until Jan 10, 2024",https://product-images.metro.ca/images/he9/h0d/9312226967582.jpg,https://www.metro.ca/en/online-grocery/search-page-468
ANNIE'S,White Cheddar Bunnies™ Baked Snack Crackers,213 g,"$4.99
 ea.",,$2.34 /100g,,,https://product-images.metro.ca/images/hc8/h7d/11693771292702.jpg,https://www.metro.ca/en/online-grocery/search-page-468
PEDIGREE,Choice Cuts In Sauce® Dog Food With Real Beef,630 g,"$4.19
 ea.",,$0.67 /100g,,,https://product-images.metro.ca/images/h23/h44/9731740401694.jpg,https://www.metro.ca/en/online-grocery/search-page-468
JULES DESTROOPER,Belgian Chocolate Thins,100 g,"$5.99
 ea.",,$5.99 /100g,,,https://product-images.metro.ca/images/h18/h8a/9533046620190.jpg,https://www.metro.ca/en/online-grocery/search-page-468
CESAR,Prime Rib And Roast Turkey Flavoured Slices For Smal...,12x100 g,"$17.99
 ea.",,$1.50 /100g,"Regular price
$20.99  ea.","Valid until Jan 10, 2024",,https://www.metro.ca/en/online-grocery/search-page-468
AGROPUR SIGNATURE,"Cheddar Cheese Aged 2 Years , Grand Cheddar",200 g,"$9.49
 ea.",,$4.75 /100g,"Regular price
$9.99  ea.","Valid until Jan 17, 2024",,https://www.metro.ca/en/online-grocery/search-page-468
LEE KUM KEE,Sriracha Mayo Type Dressing,445 mL,"$9.79
 ea.",,$2.20 /100ml,,,https://product-images.metro.ca/images/h16/h96/10946106851358.jpg,https://www.metro.ca/en/online-grocery/search-page-468
FRESH GOURMET,Cheese And Garlic Premium Croutons,142 g,"$3.99
 ea.",,$2.81 /100g,,,https://product-images.metro.ca/images/hfb/h7b/11257096863774.jpg,https://www.metro.ca/en/online-grocery/search-page-468
CERTO,Pectin Crystals For Homemade Jams & Jellies,57 g,"$2.99
 ea.",,$5.25 /100g,,,https://product-images.metro.ca/images/h44/h08/9986920513566.jpg,https://www.metro.ca/en/online-grocery/search-page-468
DERLEA,Sun Dried Tomatoes With Sea Salt,85 g,"$3.99
 ea.",,$4.69 /100g,,,https://product-images.metro.ca/images/h6c/he8/11257109315614.jpg,https://www.metro.ca/en/online-grocery/search-page-468
DOVE,"Cool Essentials® Antiperspirant, Go Fresh",45 g,"$6.49
 ea.",,$14.42 /100g,,,,https://www.metro.ca/en/online-grocery/search-page-468
MIO,Berry & Pomegranate Flavoured Liquid Water Enhancer,48 mL,"$3.99
 ea.",,$8.31 /100ml,"Regular price
$4.59  ea.","Valid until Jan 24, 2024",https://product-images.metro.ca/images/he7/h06/9986728427550.jpg,https://www.metro.ca/en/online-grocery/search-page-468
COLGATE,Peppermint Blast Flavoured Alcohol Free Antiseptic M...,250 ml,"$3.49
 ea.",,$1.40 /100ml,"Regular price
$4.49  ea.","Valid until Feb 7, 2024",,https://www.metro.ca/en/online-grocery/search-page-468
DAIYA,Cheddar Style Slices,220 g,"$5.49
 ea.",,$2.50 /100g,"Regular price
$7.79  ea.","Valid until Feb 14, 2024",https://product-images.metro.ca/images/hc3/ha8/11816881553438.jpg,https://www.metro.ca/en/online-grocery/search-page-469
BUTTERBALL,Gluten Free Turkey Frank Sausages,450 g,"$5.49
 ea.",,$1.22 /100g,,,https://product-images.metro.ca/images/h1c/hfd/11449505153054.jpg,https://www.metro.ca/en/online-grocery/search-page-469
LINDT,Hazelnut Dark Chocolate Spread,200 g,"$7.49
 ea.",,$3.75 /100g,,,https://product-images.metro.ca/images/he8/hbf/10184062271518.jpg,https://www.metro.ca/en/online-grocery/search-page-469
FRESCA,Citrus Flavoured Soft Drink,6x222 mL,"2 / 
$8.00",,$0.30 /100ml,"Regular price
$5.79  ea.","Valid until Jan 24, 2024",https://product-images.metro.ca/images/hbb/hc7/11771865956382.jpg,https://www.metro.ca/en/online-grocery/search-page-469
BIO-K+,Fermented Milk With Probiotics,6x98 g,"$22.99
 ea.",,$3.91 /100g,,,https://product-images.metro.ca/images/hce/hd6/10239122767902.jpg,https://www.metro.ca/en/online-grocery/search-page-469
GURU,Organic Lite Energy Drink,250 mL,"2 / 
$5.00",,$1.00 /100ml,"Regular price
$2.79  ea.","Valid until Jan 24, 2024",https://product-images.metro.ca/images/hbc/hd2/10188602343454.jpg,https://www.metro.ca/en/online-grocery/search-page-469
,Vanilla Filled Croissant,125 g,"$2.79
 ea.",,$2.07 /100g,,,https://product-images.metro.ca/images/he4/h2a/8861521510430.jpg,https://www.metro.ca/en/online-grocery/search-page-469
WHISKAS,"Chicken Flavoured Adult Cat Food, Meaty Selections",4 kg,"$20.99
 ea.",,$0.52 /100g,,,,https://www.metro.ca/en/online-grocery/search-page-469
SELECTION,Chocolate Covered Vanilla Ice Milk Bars,24x60 mL,"$8.29
 ea.",,$0.58 /100ml,,,https://product-images.metro.ca/images/hc0/h65/9746885640222.jpg,https://www.metro.ca/en/online-grocery/search-page-469
NOTRE VIN MAISON,Canadian Red Wine,4 L,"$44.99
 ea.",,$1.12 /100ml,,,https://product-images.metro.ca/images/hdd/h3a/10529495908382.jpg,https://www.metro.ca/en/online-grocery/search-page-469
INCOGNITO,"Regular Pads, Maxi",24 un,"$5.29
 ea.",,$0.22 /un.,,,,https://www.metro.ca/en/online-grocery/search-page-469
PATAK'S,Butter Chicken Cooking Sauce,200 mL,"$3.19
 ea.",,$1.60 /100ml,"Regular price
$3.79  ea.","Valid until Jan 24, 2024",https://product-images.metro.ca/images/heb/hd8/10109084794910.jpg,https://www.metro.ca/en/online-grocery/search-page-469
RIO MARE,"Mexican Style Light Tuna Salad, Insalatissime",160 g,"$5.29
 ea.",,$3.31 /100g,,,,https://www.metro.ca/en/online-grocery/search-page-469
GOGO QUINOA,Organic Red And White Quinoa,500 g,"$7.99
 ea.",,$1.60 /100g,,,https://product-images.metro.ca/images/h8e/h1d/10399675809822.jpg,https://www.metro.ca/en/online-grocery/search-page-469
SELECTION,Toupie Style Smoked Half Ham,A tray contains on average 1500 g,"$18.15
 / 1500 g",,$12.10 /kg$5.49 /lb.,"Regular price
$13.21  / kg","Valid until Jan 17, 2024",https://product-images.metro.ca/images/h5a/hf7/8884595490846.jpg,https://www.metro.ca/en/online-grocery/search-page-469
LAURA SECORD,Raspberries Chocolate Mousse Cake,485 g,"$19.99
 ea.",,$4.12 /100g,,,https://product-images.metro.ca/images/hfd/hf4/11493001429022.jpg,https://www.metro.ca/en/online-grocery/search-page-469
TRUDEAU,Sun-Dried Tomato Pesto,142 g,"$5.99
 ea.",,$4.22 /100g,,,https://product-images.metro.ca/images/h0d/h25/9830081003550.jpg,https://www.metro.ca/en/online-grocery/search-page-469
IAMS,"Chicken Flavoured Dog Food, ProActive Health",3.18 kg,"$18.99
 ea.",,$0.60 /100g,,,,https://www.metro.ca/en/online-grocery/search-page-469
METROGO!,Fruit Platter With Chocolate Fondue,2.4 kg,"$26.99
 ea.",,$1.12 /100g,,,https://product-images.metro.ca/images/h46/h00/8893743398942.jpg,https://www.metro.ca/en/online-grocery/search-page-469
DUBLIN'S PUB,The Authentic Irish Pub-Style Apple Cider,473 mL,"$2.99
 ea.",,$0.63 /100ml,"Regular price
$3.99  ea.","Valid until Feb 7, 2024",https://product-images.metro.ca/images/h21/h89/9711191916574.jpg,https://www.metro.ca/en/online-grocery/search-page-469
COLAVITA,Extra Virgin Olive Oil,500 mL,"$16.99
 ea.",,$3.40 /100ml,,,https://product-images.metro.ca/images/hfa/h00/11754109206558.jpg,https://www.metro.ca/en/online-grocery/search-page-469
DALTONS,Glace Mix,225 g,"$3.49
 ea.",,$1.55 /100g,,,https://product-images.metro.ca/images/hd9/h80/11492997627934.jpg,https://www.metro.ca/en/online-grocery/search-page-469
BONNE MAMAN,Rhubarb Compote,530 mL,"$7.99
 ea.",,$1.51 /100ml,"Regular price
$9.79  ea.","Valid until Feb 7, 2024",https://product-images.metro.ca/images/h10/hcc/9529935822878.jpg,https://www.metro.ca/en/online-grocery/search-page-469
IRRESISTIBLES,Dried Dill,20 g,"$3.49
 ea.",,$17.45 /100g,,,https://product-images.metro.ca/images/h35/h60/9658161659934.jpg,https://www.metro.ca/en/online-grocery/search-page-469
A TASTE OF THAI,Pad Thai Sauce,100 mL,"$3.99
 ea.",,$3.99 /100ml,,,https://product-images.metro.ca/images/h0f/h0e/10053728075806.jpg,https://www.metro.ca/en/online-grocery/search-page-469
MAISON ORPHÉE,"Extra Virgin Olive Oil, Delicate",750 mL,"$20.99
 ea.",,$2.80 /100ml,,,,https://www.metro.ca/en/online-grocery/search-page-469
CLUB HOUSE,All Dressed Popcorn Seasoning,145 g,"$5.99
 ea.",,$4.13 /100g,,,https://product-images.metro.ca/images/ha3/hd5/10170603503646.jpg,https://www.metro.ca/en/online-grocery/search-page-469
FROMAGERIE DU DOMAINE FÉODAL,Cendré Des Prés Soft Cheese With A Bloomy Rind,150 g,"$7.99
 ea.",,$5.33 /100g,"Regular price
$9.79  ea.","Valid until Jan 17, 2024",https://product-images.metro.ca/images/h6a/h47/12050756763678.jpg,https://www.metro.ca/en/online-grocery/search-page-469
DOVE,"Anti-Dandruff Fortifying Shampoo, Men+Care",355 mL,"$6.99
 ea.",,$1.97 /100ml,,,,https://www.metro.ca/en/online-grocery/search-page-469
BRÛLERIE ST-DENIS,Medium Dark Espresso Whole Coffee Beans,300 g,"$14.99
 ea.",,$5.00 /100g,,,https://product-images.metro.ca/images/h5e/h09/11257127763998.jpg,https://www.metro.ca/en/online-grocery/search-page-469
LABATT,"Blonde Ale Beer, 50",12x355 mL - cans,"$21.99
 ea.",,$0.52 /100ml,,,,https://www.metro.ca/en/online-grocery/search-page-470
CLUB HOUSE,"Tex Mex Seasoning, Signature Blends",136 g,"$6.49
 ea.",,$4.77 /100g,,,,https://www.metro.ca/en/online-grocery/search-page-470
HEINEKEN,Dutch Lager Beer,710 mL - can,"2 / 
$12.00",,or $6.49 ea. $0.85 /100ml,,"Valid until Feb 7, 2024",https://product-images.metro.ca/images/h3b/he4/11513917997086.jpg,https://www.metro.ca/en/online-grocery/search-page-470
DEMERS,Red Cherry Tomatoes,200 g,"$4.99
 ea.",,$2.50 /100g,,,https://product-images.metro.ca/images/h5a/h7c/10225266229278.jpg,https://www.metro.ca/en/online-grocery/search-page-470
VILLERAY PASTRY,Assorted Baklava,250 g,"$7.79
 ea.",,$1.30 /un.,,,https://product-images.metro.ca/images/hd1/haf/8860293955614.jpg,https://www.metro.ca/en/online-grocery/search-page-470
BABY GOURMET,"Sweet Potato, Apple And Chicken Organic Purée Pouch ...",128 mL,"$3.49
 ea.",,$2.73 /100ml,,,,https://www.metro.ca/en/online-grocery/search-page-470
PUR,Vermicelli Rice Noodles,400 g,"$4.69
 ea.",,$1.17 /100g,,,https://product-images.metro.ca/images/h1c/hba/9730817622046.jpg,https://www.metro.ca/en/online-grocery/search-page-470
RUSTICHELLA D'ABRUZZO,Orzo,500 g,"$5.99
 ea.",,$1.20 /100g,,,https://product-images.metro.ca/images/hc2/h0e/8893432889374.jpg,https://www.metro.ca/en/online-grocery/search-page-470
PERRIER,Peach And Cherry Flavoured Sparkling Water,6x330 mL,"$9.99
 ea.",,$3.03 /100ml,,,https://product-images.metro.ca/images/h9d/h51/9644695715870.jpg,https://www.metro.ca/en/online-grocery/search-page-470
,Bag Of Local Carrots,5 lb,"$5.99
 ea.",,$0.26 /100g,,,https://product-images.metro.ca/images/h8f/h26/8893744971806.jpg,https://www.metro.ca/en/online-grocery/search-page-470
CHAMPIGNONS SAUVAGES,Dried Cep Mushrooms,14 g,"$5.99
 ea.",,$42.79 /100g,,,https://www.metro.ca/images/shared/placeholders/icon-no-picture.svg?v=2023.71.1.d1,https://www.metro.ca/en/online-grocery/search-page-470
ST-MICHEL,Caramel Butter Biscuits,100 g,"$4.69
 ea.",,$4.69 /100g,"Regular price
$5.99  ea.","Valid until Jan 24, 2024",https://product-images.metro.ca/images/hda/h26/9554203246622.jpg,https://www.metro.ca/en/online-grocery/search-page-470
SO DELICIOUS,Non-Dairy Vanilla Cashewmilk-Based Frozen Dessert,500 mL,"$9.49
 ea.",,$1.90 /100ml,,,https://product-images.metro.ca/images/h11/h9f/12050783535134.jpg,https://www.metro.ca/en/online-grocery/search-page-470
A TASTE OF THAI,Peanut Sauce Mix,100 g,"$3.99
 ea.",,$3.99 /100g,,,https://product-images.metro.ca/images/he1/h93/10053723062302.jpg,https://www.metro.ca/en/online-grocery/search-page-470
PASTENE,Fillets Of Mackerels In Olive Oil And Added Salt,120 g,"$4.79
 ea.",,$3.99 /100g,,,https://product-images.metro.ca/images/h24/h20/11614469128222.jpg,https://www.metro.ca/en/online-grocery/search-page-470
KOOL-AID,Orange Drink Mix,48 mL,"$3.99
 ea.",,$8.31 /100ml,"Regular price
$4.99  ea.","Valid until Jan 24, 2024",https://product-images.metro.ca/images/h57/h5a/9986726592542.jpg,https://www.metro.ca/en/online-grocery/search-page-470
ST. DALFOUR,Pear William Deluxe Spread,225 mL,"$7.49
 ea.",,$3.33 /100ml,,,https://product-images.metro.ca/images/h32/haa/12191656443934.jpg,https://www.metro.ca/en/online-grocery/search-page-470
MUTTI,Tomato Paste,156 mL,"$4.49
 ea.",,$2.88 /100ml,"Regular price
$4.99  ea.","Valid until Jan 24, 2024",https://product-images.metro.ca/images/ha9/he2/11022139064350.jpg,https://www.metro.ca/en/online-grocery/search-page-470
UNCLE LEE'S TEA,Organic Green Tea Bags,100 un,"$10.99
 ea.",,$10.99 /100un.,,,https://product-images.metro.ca/images/h12/hbd/11816846426142.jpg,https://www.metro.ca/en/online-grocery/search-page-470
SELECTION,Sunflower Oil,3 L,"$17.99
 ea.",,$0.60 /100ml,,,https://product-images.metro.ca/images/h7a/he2/10300115681310.jpg,https://www.metro.ca/en/online-grocery/search-page-470
CELESTIAL SEASONINGS,Chamomile Herbal Tea Bags,20 un,"$4.99
 ea.",,$0.25 /un.,,,https://product-images.metro.ca/images/h5e/hd6/12083908411422.jpg,https://www.metro.ca/en/online-grocery/search-page-470
VAN HOUTTE,Medium Colombian Coffee Beans,650 g,"$19.99
 ea.",,$3.08 /100g,,,https://product-images.metro.ca/images/h85/h17/12230529384478.jpg,https://www.metro.ca/en/online-grocery/search-page-470
DUBRETON,Organic Classic Cretons,150 g,"$6.29
 ea.",,$4.19 /100g,,,https://product-images.metro.ca/images/hb8/h5e/11461811732510.jpg,https://www.metro.ca/en/online-grocery/search-page-470
LA JARDINIÈRE,Salad And Vegetable Seasoning,100 g,"$5.99
 ea.",,$4.99 /100g,,,https://product-images.metro.ca/images/hda/hb2/8831578734622.jpg,https://www.metro.ca/en/online-grocery/search-page-470
MAILLE,Extra Hot Prepared Mustard,200 mL,"$3.99
 ea.",,$2.00 /100ml,,,https://product-images.metro.ca/images/h04/h35/9515036508190.jpg,https://www.metro.ca/en/online-grocery/search-page-470
CAT CHOW,"Dry Adult Cat Food, Hairball Control",1.6 kg,"$11.99
 ea.",,$0.75 /100g,,,,https://www.metro.ca/en/online-grocery/search-page-470
UNIBROUE,"Extra Strong Belgian-Style Tripel On Lees, La Fin Du...",6x341 mL - bottles,"$15.49
 ea.",,$0.76 /100ml,,,,https://www.metro.ca/en/online-grocery/search-page-470
QUALI DESSERTS,Frozen Fudge Cake,6 in - 600 g,"$12.99
 ea.",,$2.17 /100g,,,https://product-images.metro.ca/images/h6f/hc2/8859948318750.jpg,https://www.metro.ca/en/online-grocery/search-page-470
ROYAL NUTS,Organic Unsalted Shelled Sunflower Seeds,190 g,"$5.99
 ea.",,$3.15 /100g,,,https://product-images.metro.ca/images/hc6/h56/9531329085470.jpg,https://www.metro.ca/en/online-grocery/search-page-470
THREE FARMERS,Barbecue Flavoured Roasted Chickpeas,120 g,"$5.49
 ea.",,$4.57 /100g,,,https://product-images.metro.ca/images/h05/h95/10152873263134.jpg,https://www.metro.ca/en/online-grocery/search-page-470
OREO,Fudge Covered Chocolate Sandwich Cookies,224 g,"$3.79
 ea.",,$1.69 /100g,"Regular price
$4.79  ea.","Valid until Jan 24, 2024",https://product-images.metro.ca/images/hc7/hfc/11281614405662.jpg,https://www.metro.ca/en/online-grocery/search-page-471
SKITTLES,Berry Flavoured Candy Mega Pack,320 g,"$6.79
 ea.",,$2.12 /100g,,,https://product-images.metro.ca/images/h7c/hd8/11449492275230.jpg,https://www.metro.ca/en/online-grocery/search-page-471
CRUNCHMASTER,Roasted Garlic Flavoured Multi-Seed Crackers,128 g,"$5.49
 ea.",,$4.29 /100g,"Regular price
$6.99  ea.","Valid until Jan 24, 2024",https://product-images.metro.ca/images/hcd/h7d/11559759478814.jpg,https://www.metro.ca/en/online-grocery/search-page-471
IRRESISTIBLES,"Marble Cheddar Cheese, Organic",200 g,"$6.99
 ea.",,$3.50 /100g,"Regular price
$7.49  ea.","Valid until Feb 14, 2024",,https://www.metro.ca/en/online-grocery/search-page-471
METROGO!,Chicken Noodle Soup,,"$7.99
 ea.",,$1.00 /100ml,,,https://www.metro.ca/images/shared/placeholders/icon-no-picture.svg?v=2023.71.1.d1,https://www.metro.ca/en/online-grocery/search-page-471
GERBER,"Organic Banana And Beet Baby Puree Pouch, 6+ Months",128 mL,"$2.49
 ea.",,$1.95 /100ml,"Regular price
$2.99  ea.","Valid until Feb 7, 2024",,https://www.metro.ca/en/online-grocery/search-page-471
GERBER,"Mild Cheddar Flavoured Wholegrain Corn Baby Snack, L...",42 g,"$4.99
 ea.",,$11.88 /100g,,,,https://www.metro.ca/en/online-grocery/search-page-471
CLUB HOUSE,Organic Ground Ginger,26 g,"$2.99
 ea.",,$11.50 /100g,"Regular price
$3.29  ea.","Valid until Feb 7, 2024",https://product-images.metro.ca/images/hb6/hbe/11188456325150.jpg,https://www.metro.ca/en/online-grocery/search-page-471
DAINTY,Basmati Rice,1.6 kg,"$10.49
 ea.",,$0.66 /100g,"Regular price
$11.49  ea.","Valid until Jan 24, 2024",https://product-images.metro.ca/images/h06/he0/11849419849758.jpg,https://www.metro.ca/en/online-grocery/search-page-471
GURU,Organic Energy Drink,4x250 mL,"$8.99
 ea.",,$0.90 /100ml,,,https://product-images.metro.ca/images/hf0/hd6/9512390557726.jpg,https://www.metro.ca/en/online-grocery/search-page-471
TILDA,Pure Steamed Basmati Rice,250 g,"$4.49
 ea.",,$1.80 /100g,,,https://product-images.metro.ca/images/h2d/h99/10250240229406.jpg,https://www.metro.ca/en/online-grocery/search-page-471
LE TROU DU DIABLE MICROBREWERY,"White Beer, La Blanche De Shawi",600 mL - bottle,"4 / 
$22.00",,or $6.49 ea. $0.92 /100ml,,"Valid until Feb 7, 2024",,https://www.metro.ca/en/online-grocery/search-page-471
METROGO!,Broccoli Florets,150 g,"$3.49
 ea.",,$2.33 /100g,,,https://product-images.metro.ca/images/h4e/hde/9014673768478.jpg,https://www.metro.ca/en/online-grocery/search-page-471
SELECTION,Wild Bird Seed Mix,7 kg,"$12.99
 ea.",,$0.19 /100g,,,https://product-images.metro.ca/images/h5d/h7d/8831876661278.jpg,https://www.metro.ca/en/online-grocery/search-page-471
BUSCH,Lager Beer,740 mL,"$3.99
 ea.",,$0.54 /100ml,,,https://product-images.metro.ca/images/h30/h9d/10378935894046.jpg,https://www.metro.ca/en/online-grocery/search-page-471
PABST BLUE RIBBON,Lager Beer,710 mL - can,"2 / 
$7.00",,$0.49 /100ml,"Regular price
$3.79  ea.","Valid until Feb 7, 2024",https://product-images.metro.ca/images/h73/h6b/10161395662878.jpg,https://www.metro.ca/en/online-grocery/search-page-471
RIVIERA,3.2% Apricot Flavoured Organic Probiotic Yogourt Var...,4x120 g,"$6.59
 ea.",,$1.37 /100g,,,,https://www.metro.ca/en/online-grocery/search-page-471
PATAK'S,Butter Chicken Curry Paste,284 mL,"$6.29
 ea.",,$2.21 /100ml,,,https://product-images.metro.ca/images/hc7/h73/9895968571422.jpg,https://www.metro.ca/en/online-grocery/search-page-471
RENÉE'S GOURMET,Homestyle Ranch Dressing And Dip,355 mL,"$5.99
 ea.",,$1.69 /100ml,,,https://product-images.metro.ca/images/hee/h2b/9986770501662.jpg,https://www.metro.ca/en/online-grocery/search-page-471
,Cherries,,"$1.76
 / 100 g",,$17.61 /kg$7.99 /lb.,,,https://product-images.metro.ca/images/hda/h9d/10759708868638.jpg,https://www.metro.ca/en/online-grocery/search-page-471
PILLSBURY,Pre Cut Sugar Cinnamon Crunch Cookies Dough,396 g,"$3.14
 ea.",,$0.79 /100g,"Regular price
$6.29  ea.","Valid until Jan 31, 2024",https://product-images.metro.ca/images/hdb/ha1/11154061852702.jpg,https://www.metro.ca/en/online-grocery/search-page-471
IRRESISTIBLES,Dried Tarragon,16 g,"$3.49
 ea.",,$21.81 /100g,,,https://product-images.metro.ca/images/h17/hdf/11521295613982.jpg,https://www.metro.ca/en/online-grocery/search-page-471
SELECTION,Assorted Instant Oatmeal Packets,380 g,"$2.99
 ea.",,$0.79 /100g,"Regular price
$4.49  ea.","Valid until Feb 7, 2024",https://product-images.metro.ca/images/h54/hb4/8953176129566.jpg,https://www.metro.ca/en/online-grocery/search-page-471
KEEBLER,"Italian Herb Crispy Flatbreads, Town House",269 g,"$4.99
 ea.",,$1.86 /100g,,,,https://www.metro.ca/en/online-grocery/search-page-471
CASA MEXICANA,Corn Tortillas,340 g,"2 / 
$7.00",,$1.03 /100g,"Regular price
$3.99  ea.","Valid until Jan 17, 2024",https://product-images.metro.ca/images/h70/hba/9176887492638.jpg,https://www.metro.ca/en/online-grocery/search-page-471
PLAISIRS GASTRONOMIQUES,Potted Duck And Pork With Orange,125 g,"$6.29
 ea.",,$5.03 /100g,,,https://product-images.metro.ca/images/h0a/h80/9508223189022.jpg,https://www.metro.ca/en/online-grocery/search-page-471
AXE,"Phoenix® Antiperspirant, Dry",76 g,"$6.99
 ea.",,$9.20 /100g,,,,https://www.metro.ca/en/online-grocery/search-page-471
METROGO!,Red And Green Grapes,,"$3.99
 ea.",,$1.60 /100g,,,https://product-images.metro.ca/images/h7e/h39/9014468935710.jpg,https://www.metro.ca/en/online-grocery/search-page-471
IRRESISTIBLES,Frozen Maple Belgian Waffles,4x67 g,"$3.99
 ea.",,$1.49 /100g,"Regular price
$4.49  ea.","Valid until Jan 10, 2024",https://product-images.metro.ca/images/he1/hec/9519590899742.jpg,https://www.metro.ca/en/online-grocery/search-page-471
AKI SUSHI,Chicken Tonkinese Soup,690 g,"$15.99
 ea.",,$2.32 /100g,,,https://product-images.metro.ca/images/h97/h3d/11195885486110.jpg,https://www.metro.ca/en/online-grocery/search-page-471
BECK'S,German Lager Beer,500 mL - can,"$4.69
 ea.",,$0.94 /100ml,,,https://product-images.metro.ca/images/h6c/h40/11541051998238.jpg,https://www.metro.ca/en/online-grocery/search-page-472
IRRESISTIBLES,Tamari Seasoned Roasted Almonds,300 g,"$9.99
 ea.",,$3.33 /100g,,,https://product-images.metro.ca/images/hda/h39/9051568668702.jpg,https://www.metro.ca/en/online-grocery/search-page-472
LA CHAUDIÈRE,Tiguidou! Old Cheddar Cheese,340 g,"$8.99
 ea.",,$2.64 /100g,"Regular price
$9.99  ea.","Valid until Feb 14, 2024",https://product-images.metro.ca/images/h3b/hb5/10938844315678.jpg,https://www.metro.ca/en/online-grocery/search-page-472
VILEDA,Powerfibres Toilet Brush And Caddy,1 un,"$7.49
 ea.",,$7.49 /un.,,,https://product-images.metro.ca/images/h5d/h85/11937029324830.jpg,https://www.metro.ca/en/online-grocery/search-page-472
DUMET,Pitted Spanish Green Olives,150 g,"$4.99
 ea.",,$3.33 /100g,,,https://product-images.metro.ca/images/h0c/hf9/9111692115998.jpg,https://www.metro.ca/en/online-grocery/search-page-472
DÉLICES D'AUTREFOIS,Homestyle Tofu Sauce,700 mL,"$7.79
 ea.",,$1.11 /100ml,,,https://product-images.metro.ca/images/h36/h57/9668862083102.jpg,https://www.metro.ca/en/online-grocery/search-page-472
SELECTION,Hot Chocolate Mix,500 g,"$3.99
 ea.",,$0.80 /100g,"Regular price
$4.99  ea.","Valid until Feb 7, 2024",https://product-images.metro.ca/images/h34/hf9/11521116995614.jpg,https://www.metro.ca/en/online-grocery/search-page-472
INCOGNITO,Regular Ultra Thin Hypoallergenic Pads,18 un,"$5.29
 ea.",,$0.29 /un.,,,https://product-images.metro.ca/images/h6f/h4b/9527300161566.jpg,https://www.metro.ca/en/online-grocery/search-page-472
PRANA,Organic Chocolate Bark With Almonds & Sea Salt,100 g,"$5.49
 ea.",,$5.49 /100g,,,https://product-images.metro.ca/images/h70/h13/11816885977118.jpg,https://www.metro.ca/en/online-grocery/search-page-472
ALEXANDER KEITH'S,India Pale Ale Beer,12x355 mL - cans,"$23.99
 ea.",,$0.56 /100ml,,,https://product-images.metro.ca/images/hd3/h6e/10529542701086.jpg,https://www.metro.ca/en/online-grocery/search-page-472
E.D.SMITH,Apple Pie Filling,540 mL,"$6.99
 ea.",,$1.29 /100ml,,,https://product-images.metro.ca/images/h84/h4c/9910158589982.jpg,https://www.metro.ca/en/online-grocery/search-page-472
ST-MICHEL,Mini Madeleines With Chocolate Chips,175 g,"$5.49
 ea.",,$3.14 /100g,,,https://product-images.metro.ca/images/hac/h2a/9533350051870.jpg,https://www.metro.ca/en/online-grocery/search-page-472
BIO-K+,Vanilla Flavoured Fermented Milk With Probiotics,6x98 g,"$22.99
 ea.",,$3.91 /100g,,,https://product-images.metro.ca/images/h91/h0c/10239126634526.jpg,https://www.metro.ca/en/online-grocery/search-page-472
MONARI FEDERZONI,Aged Balsamic Vinegar Of Modena,250 mL,"$10.99
 ea.",,$4.40 /100ml,"Regular price
$12.99  ea.","Valid until Feb 7, 2024",https://product-images.metro.ca/images/h78/h01/12083895697438.jpg,https://www.metro.ca/en/online-grocery/search-page-472
DOVE,Thickening 2-In-1 Shampoo And Conditioner With Caffe...,355 mL,"$6.99
 ea.",,$1.97 /100ml,,,,https://www.metro.ca/en/online-grocery/search-page-472
MR. NOODLES,"Hot Beef Flavoured Instant Noodle Soup, Pho",115 g,"$1.69
 ea.",,$1.47 /100g,"Regular price
$2.29  ea.","Valid until Jan 24, 2024",,https://www.metro.ca/en/online-grocery/search-page-472
PRANA,Sumsuma Organic Sesame Squares,150 g,"$3.99
 ea.",,$2.66 /100g,"Regular price
$5.29  ea.","Valid until Jan 24, 2024",https://product-images.metro.ca/images/h60/he6/10307997630494.jpg,https://www.metro.ca/en/online-grocery/search-page-472
NATURE'S PATH,Corn Flakes Cereal,750 g,"$11.99
 ea.",,$1.60 /100g,,,https://product-images.metro.ca/images/h11/h25/9668749754398.jpg,https://www.metro.ca/en/online-grocery/search-page-472
VALOR,70% Cocoa Dark Chocolate Bar With Mint,100 g,"$3.49
 ea.",,$3.49 /100g,"Regular price
$4.99  ea.","Valid until Jan 24, 2024",https://product-images.metro.ca/images/had/h99/10184043986974.jpg,https://www.metro.ca/en/online-grocery/search-page-472
COLUSSI,Caffelatte Cookies,500 g,"$4.99
 ea.",,$1.00 /100g,,,https://product-images.metro.ca/images/h34/h65/10938869678110.jpg,https://www.metro.ca/en/online-grocery/search-page-472
PURINA ONE,Lamb And Rice Dry Dog Food,1.81 kg,"$11.99
 ea.",,$0.66 /100g,"Regular price
$12.99  ea.","Valid until Jan 10, 2024",https://product-images.metro.ca/images/h3a/h5c/11492920066078.jpg,https://www.metro.ca/en/online-grocery/search-page-472
CLUB HOUSE,Onion Salt,212 g,"$7.29
 ea.",,$3.44 /100g,,,https://product-images.metro.ca/images/ha6/h1c/10062147289118.jpg,https://www.metro.ca/en/online-grocery/search-page-472
LECLERC,"Assorted Cereals Bars, Value Pack, Muffin Max",666 g,"$6.49
 ea.",,$0.97 /100g,,,,https://www.metro.ca/en/online-grocery/search-page-472
ALKANATER,Ground Sesame Seeds,454 g,"$6.79
 ea.",,$1.50 /100g,"Regular price
$7.29  ea.","Valid until Jan 24, 2024",https://product-images.metro.ca/images/h53/h79/9633889353758.jpg,https://www.metro.ca/en/online-grocery/search-page-472
CLUB HOUSE,Thyme Leaves,53 g,"$9.49
 ea.",,$17.91 /100g,,,https://product-images.metro.ca/images/hb5/haa/10715334082590.jpg,https://www.metro.ca/en/online-grocery/search-page-472
CHOCOLATS FAVORIS,Hazelnut Praline Milk Chocolate Fondue,425 g,"$13.99
 ea.",,$3.29 /100g,,,https://product-images.metro.ca/images/he8/h65/10333769826334.jpg,https://www.metro.ca/en/online-grocery/search-page-472
GOGO QUINOA,Organic Rice And Quinoa Fusilli,227 g,"$4.69
 ea.",,$2.07 /100g,,,https://product-images.metro.ca/images/hb1/hde/9859618996254.jpg,https://www.metro.ca/en/online-grocery/search-page-472
,Cortland Apples,2 lb,"$4.99
 ea.",,$0.55 /100g,,,https://product-images.metro.ca/images/h98/hc0/9099115692062.jpg,https://www.metro.ca/en/online-grocery/search-page-472
ALWAYS,"Long Pads With Wings, Maxi",32 un,"$10.49
 ea.",,$0.33 /un.,,,,https://www.metro.ca/en/online-grocery/search-page-472
DOS EQUIS,Mexican Lager Beer,12x355 mL - bottles,"$23.99
 ea.",,$0.56 /100ml,"Regular price
$25.99  ea.","Valid until Jan 10, 2024",https://product-images.metro.ca/images/h01/h9e/9552966778910.jpg,https://www.metro.ca/en/online-grocery/search-page-472
LITEHOUSE,Freeze-Dried Oregano,8 g,"$5.99
 ea.",,$74.88 /100g,"Regular price
$6.99  ea.","Valid until Jan 10, 2024",https://product-images.metro.ca/images/h24/h42/11292696248350.jpg,https://www.metro.ca/en/online-grocery/search-page-473
UNIQUE,Assorted Balloons,1 un,"$1.89
 ea.",,$1.89 /un.,,,https://product-images.metro.ca/images/h18/h68/9014944202782.jpg,https://www.metro.ca/en/online-grocery/search-page-473
MARS,"Milk Chocolate And Almond Candies, M&M",185 g,"$5.49
 ea.",,$2.97 /100g,"Regular price
$7.29  ea.","Valid until Jan 24, 2024",,https://www.metro.ca/en/online-grocery/search-page-473
AURORA,"Anchovy Paste, Pasta Di Acciughe",56 g,"$2.29
 ea.",,$4.09 /100g,"Regular price
$2.69  ea.","Valid until Jan 24, 2024",,https://www.metro.ca/en/online-grocery/search-page-473
NATURE VALLEY,"Oat And Dark Chocolate Crunchy Granola Bars, Crunchy",210 g,"2 / 
$6.00",,or $3.99 ea. $1.43 /100g,,"Valid until Feb 7, 2024",,https://www.metro.ca/en/online-grocery/search-page-473
O SOLE MIO,Frozen Spinach And Cheese Manicotti,750g,"$16.99
 ea.",,$2.27 /100g,,,https://product-images.metro.ca/images/h72/h60/9685065138206.jpg,https://www.metro.ca/en/online-grocery/search-page-473
DUBRETON,Mexican BBQ Pork Loin,,"$11.01
 avg. ea.",(500 g avg.),$22.02 /kg$9.99 /lb.,,,https://product-images.metro.ca/images/h14/h39/9107784597534.jpg,https://www.metro.ca/en/online-grocery/search-page-473
BIOITALIA,No Salt Added Organic Chick Peas,398 mL,"$3.29
 ea.",,$0.83 /100ml,,,https://product-images.metro.ca/images/h89/h98/9938138300446.jpg,https://www.metro.ca/en/online-grocery/search-page-473
BOOST,Meal Replacement Drink Assorted Flavours Pack,6x237 mL,"$14.99
 ea.",,$1.05 /100ml,"Regular price
$16.99  ea.","Valid until Feb 7, 2024",https://product-images.metro.ca/images/h73/hb2/10185918578718.jpg,https://www.metro.ca/en/online-grocery/search-page-473
SMUCKER'S,Caramel Flavoured Sundae Syrup™ Without Added Sugar,428 mL,"$4.69
 ea.",,$1.10 /100ml,"Regular price
$5.29  ea.","Valid until Jan 24, 2024",https://product-images.metro.ca/images/hb1/hb8/11412524138526.jpg,https://www.metro.ca/en/online-grocery/search-page-473
WHISKAS,"Chicken And Salmon Flavoured Wet Cat Food In Gravy, ...",12x75 g,"$17.99
 ea.",,$2.00 /100g,,,,https://www.metro.ca/en/online-grocery/search-page-473
WINDSOR SALT,Salt Substitute,311 g,"$6.49
 ea.",,$2.09 /100g,,,https://product-images.metro.ca/images/h83/hc3/9252064460830.jpg,https://www.metro.ca/en/online-grocery/search-page-473
IRRESISTIBLES,Grana Padano Riserva Cheese Aged Minimum 20 Months,1 piece,"$13.56
 avg. ea.",(400 g avg.),$33.90 /kg$15.38 /lb.,,,https://product-images.metro.ca/images/hfb/ha2/9135200272414.jpg,https://www.metro.ca/en/online-grocery/search-page-473
SELECTION,White Kidney Beans,900 g,"$2.99
 ea.",,$0.33 /100g,"Regular price
$3.39  ea.","Valid until Jan 24, 2024",https://product-images.metro.ca/images/h6b/h28/8954142818334.jpg,https://www.metro.ca/en/online-grocery/search-page-473
LUNDBERG,Organic Gluten Free White Basmati Rice,907 g,"$18.49
 ea.",,$2.04 /100g,,,https://product-images.metro.ca/images/ha5/h15/11665357897758.jpg,https://www.metro.ca/en/online-grocery/search-page-473
FRANÇOIS HUBERT,25% Less Fat Pie Dough,1 kg,"$6.49
 ea.",,$0.65 /100g,"Regular price
$6.99  ea.","Valid until Jan 17, 2024",https://product-images.metro.ca/images/hc4/he0/10225295196190.jpg,https://www.metro.ca/en/online-grocery/search-page-473
OCEAN SPRAY,Raspberry & Cranberry Cocktail,6x295 mL,"$7.29
 ea.",,$0.41 /100ml,,,https://product-images.metro.ca/images/h7b/h58/10788920328222.jpg,https://www.metro.ca/en/online-grocery/search-page-473
HEINEKEN,Dutch Lager Beer,4x500 mL - cans,"$13.49
 ea.",,$0.67 /100ml,"Regular price
$15.49  ea.","Valid until Feb 7, 2024",https://product-images.metro.ca/images/had/hce/11152719118366.jpg,https://www.metro.ca/en/online-grocery/search-page-473
SO DELICIOUS,Non-Dairy Dark Chocolate Truffle Cashewmilk-Based Fr...,500 mL,"$9.49
 ea.",,$1.90 /100ml,,,,https://www.metro.ca/en/online-grocery/search-page-473
AU P'TIT MARCHÉ,Frozen Lobster Bisque,275 g,"$5.99
 ea.",,$2.18 /100g,,,https://product-images.metro.ca/images/hc0/ha2/11401331441694.jpg,https://www.metro.ca/en/online-grocery/search-page-473
IRRESISTIBLES,Dried Cilantro,13 g,"$1.99
 ea.",,$15.31 /100g,,,https://product-images.metro.ca/images/hca/h2c/9658158514206.jpg,https://www.metro.ca/en/online-grocery/search-page-473
MAISON ORPHÉE,"Organic Extra Virgin Olive Oil, Delicate",500 mL,"$16.99
 ea.",,$3.40 /100ml,,,,https://www.metro.ca/en/online-grocery/search-page-473
,Oatmeal Raisin Cookie,165 g,"$2.99
 ea.",,$1.81 /100g,,,https://product-images.metro.ca/images/h49/h0b/8859759968286.jpg,https://www.metro.ca/en/online-grocery/search-page-473
IRRESISTIBLES,Ground Smoked Paprika,62 g,"$4.99
 ea.",,$8.05 /100g,,,https://product-images.metro.ca/images/h99/h76/12122174324766.jpg,https://www.metro.ca/en/online-grocery/search-page-473
FRESH GOURMET,Toasted Sliced Almonds,99 g,"$4.99
 ea.",,$5.04 /100g,"Regular price
$5.99  ea.","Valid until Jan 10, 2024",https://product-images.metro.ca/images/he8/he3/11511530094622.jpg,https://www.metro.ca/en/online-grocery/search-page-473
CLUB HOUSE,"Salad Herbs Seasoning, Signature Blends",111 g,"$6.49
 ea.",,$5.85 /100g,,,,https://www.metro.ca/en/online-grocery/search-page-473
PREMIÈRE MOISSON,Butter Raisin Danish,90 g,"$2.79
 ea.",,$3.10 /100g,,,https://product-images.metro.ca/images/hc5/h23/10009406668830.jpg,https://www.metro.ca/en/online-grocery/search-page-473
DOVE,Cool Moisture® Shampoo,355 mL,"$6.99
 ea.",,$1.97 /100ml,,,,https://www.metro.ca/en/online-grocery/search-page-473
LES FERMES VALENS,Organic Lean Ground Beef,350 g,"$14.49
 ea.",,$4.14 /100g,,,https://product-images.metro.ca/images/h5c/he7/9014938107934.jpg,https://www.metro.ca/en/online-grocery/search-page-473
FANCY FEAST,"Flaked Chicken Wet Cat Food Complement, Hors D'Œuvre",57 g,"4 / 
$6.00",,$2.63 /100g,"Regular price
$1.99  ea.","Valid until Jan 24, 2024",,https://www.metro.ca/en/online-grocery/search-page-473
OLD SPICE,"2-In-1 Hair And Body Wash, High Endurance",532 mL,"$7.99
 ea.",,$1.50 /100ml,,,,https://www.metro.ca/en/online-grocery/search-page-474
DOUBLE VIE,Canadian Rosé Wine,1 L,"$13.79
 ea.",,$1.38 /100ml,,,https://product-images.metro.ca/images/hbe/h55/10767186264094.jpg,https://www.metro.ca/en/online-grocery/search-page-474
L'ORÉAL,Color Radiance™ Shampoo For Dry Coloured Hair,385 mL,"$6.99
 ea.",,$1.82 /100ml,,,https://product-images.metro.ca/images/hd0/hec/11590560251934.jpg,https://www.metro.ca/en/online-grocery/search-page-474
ENERGIZER,"AA Alkaline Batteries, Max",2 un,"$4.99
 ea.",,$2.50 /un.,,,,https://www.metro.ca/en/online-grocery/search-page-474
,Bag Of Grapefruits,3 lb,"$6.99
 ea.",,$0.51 /100g,,,https://product-images.metro.ca/images/he6/h8f/8858940243998.jpg,https://www.metro.ca/en/online-grocery/search-page-474
IRRESISTIBLES,Assorted Mixed Nuts,300 g,"$15.99
 ea.",,$5.33 /100g,,,https://product-images.metro.ca/images/h4c/h8c/9062687014942.jpg,https://www.metro.ca/en/online-grocery/search-page-474
NOTRE VIN MAISON,Canadian White Wine,4 L,"$44.99
 ea.",,$1.12 /100ml,,,https://product-images.metro.ca/images/ha4/h89/10778549125150.jpg,https://www.metro.ca/en/online-grocery/search-page-474
BIOITALIA,Organic Linguine,500 g,"$3.49
 ea.",,$0.70 /100g,,,https://product-images.metro.ca/images/h8b/h5a/9836296470558.jpg,https://www.metro.ca/en/online-grocery/search-page-474
OGX,Thick & Full Shampoo With Biotin & Collagen,385 mL,"$9.49
 ea.",,$2.46 /100ml,"Regular price
$10.79  ea.","Valid until Feb 7, 2024",https://product-images.metro.ca/images/h01/h15/11627040899102.jpg,https://www.metro.ca/en/online-grocery/search-page-474
L'AIL DE L'ÎLE,Black Garlic,100 g,"$13.99
 ea.",,$13.99 /100g,,,https://product-images.metro.ca/images/h39/h20/9074349604894.jpg,https://www.metro.ca/en/online-grocery/search-page-474
AURORA,Tubettini Rigati,450 g,"$2.49
 ea.",,$0.55 /100g,,,https://product-images.metro.ca/images/h6e/hf7/9522835095582.jpg,https://www.metro.ca/en/online-grocery/search-page-474
TWININGS,"Pomegranate, Raspberry And Strawberry Green Tea In T...",20 un,"$5.79
 ea.",,$0.29 /un.,,,,https://www.metro.ca/en/online-grocery/search-page-474
DION,Oregano,25 g,"$3.29
 ea.",,$8.89 /100g,"Regular price
$4.19  ea.","Valid until Feb 7, 2024",https://product-images.metro.ca/images/ha3/hfb/10239162581022.jpg,https://www.metro.ca/en/online-grocery/search-page-474
FLOW,Organic Strawberry And Rose Flavoured Water,500 mL,"3 / 
$5.00",,$0.33 /100ml,"Regular price
$1.99  ea.","Valid until Feb 7, 2024",https://product-images.metro.ca/images/h71/hff/11432789770270.jpg,https://www.metro.ca/en/online-grocery/search-page-474
CASAL DOMINGO,Blackcurrant Flavoured Non-Alcoholic Wine Beverage,355 mL,"3 / 
$4.50",,$0.42 /100ml,"Regular price
$2.49  ea.","Valid until Feb 7, 2024",https://product-images.metro.ca/images/h77/hc9/10062200340510.jpg,https://www.metro.ca/en/online-grocery/search-page-474
BIOITALIA,Organic Strained Tomatoes,700 mL,"$5.29
 ea.",,$0.76 /100ml,,,https://product-images.metro.ca/images/hbb/h30/11816872116254.jpg,https://www.metro.ca/en/online-grocery/search-page-474
TRUDEAU,Dill Seasoning,115 g,"$5.99
 ea.",,$5.21 /100g,,,https://product-images.metro.ca/images/h31/h4d/11461725847582.jpg,https://www.metro.ca/en/online-grocery/search-page-474
PEDIGREE,Vitality +™ Beef Flavoured Dog Food,8 kg,"$27.99
 ea.",,$0.35 /100g,,,https://product-images.metro.ca/images/hb3/hf3/10029073367070.jpg,https://www.metro.ca/en/online-grocery/search-page-474
ST. REGIS,Dealcoholized Brut Sparkling Wine,750 mL,"$12.49
 ea.",,$1.67 /100ml,"Regular price
$13.99  ea.","Valid until Feb 7, 2024",https://product-images.metro.ca/images/h43/hb3/9704049541150.jpg,https://www.metro.ca/en/online-grocery/search-page-474
PILAROS,Vine Leaves Stuffed With Rice,280 g,"$3.99
 ea.",,$1.42 /100g,"Regular price
$4.49  ea.","Valid until Jan 24, 2024",https://product-images.metro.ca/images/h05/h90/9916375302174.jpg,https://www.metro.ca/en/online-grocery/search-page-474
ST-AGUR,Blue Cheese,125 g,"$9.79
 ea.",,$7.83 /100g,,,https://product-images.metro.ca/images/h29/h4a/11735046193182.jpg,https://www.metro.ca/en/online-grocery/search-page-474
FANCY FEAST,"Poultry Wet Cat Food Variety Pack, Poultry Pleaser",12x85 g,"$12.99
 ea.",,$1.27 /100g,,,,https://www.metro.ca/en/online-grocery/search-page-474
AKI SUSHI,Prepared Wasabi Paste,43 g,"$3.99
 ea.",,$9.28 /100g,,,https://product-images.metro.ca/images/hce/h2b/11574105735198.jpg,https://www.metro.ca/en/online-grocery/search-page-474
MAILLE,"Sherry Vinegar Aged In Oak Barrel, Réserve",500 mL,"$11.49
 ea.",,$2.30 /100ml,"Regular price
$12.99  ea.","Valid until Feb 7, 2024",,https://www.metro.ca/en/online-grocery/search-page-474
ST. DALFOUR,Blackcurrant Deluxe Spread,225 mL,"$7.49
 ea.",,$3.33 /100ml,,,https://product-images.metro.ca/images/hee/h62/9529973800990.jpg,https://www.metro.ca/en/online-grocery/search-page-474
ABBAYE DE SAINT-BENOÎT-DU-LAC,Ermite Blue Cheese,1 piece,"$7.53
 avg. ea.",(130 g avg.),$57.90 /kg$26.26 /lb.,,,https://product-images.metro.ca/images/h7c/he1/8868970070046.jpg,https://www.metro.ca/en/online-grocery/search-page-474
OLIVIERI,Chunky Tomato And Basil Pasta Sauce,600 mL,"$8.49
 ea.",,$1.42 /100ml,"Regular price
$8.99  ea.","Valid until Jan 17, 2024",https://product-images.metro.ca/images/hb6/h1c/9773772406814.jpg,https://www.metro.ca/en/online-grocery/search-page-474
WASA,Sourdough Rye Crispbread,275 g,"$3.79
 ea.",,$1.38 /100g,"Regular price
$4.99  ea.","Valid until Jan 24, 2024",https://product-images.metro.ca/images/h98/hd4/11386189676574.jpg,https://www.metro.ca/en/online-grocery/search-page-474
SARDO,"Sliced Kalamata Olives, Deli Market",500 mL,"$10.49
 ea.",,$2.10 /100ml,,,,https://www.metro.ca/en/online-grocery/search-page-474
DION,Basil,26 g,"$3.29
 ea.",,$12.65 /100g,"Regular price
$3.99  ea.","Valid until Feb 7, 2024",https://product-images.metro.ca/images/h27/h25/10239160156190.jpg,https://www.metro.ca/en/online-grocery/search-page-474
BIOITALIA,Organic Penne Rigate,500 g,"$3.49
 ea.",,$0.70 /100g,,,https://product-images.metro.ca/images/h40/hbf/11829799321630.jpg,https://www.metro.ca/en/online-grocery/search-page-475
BRESSE BLEU,Soft Surface Ripened Blue Veined Cheese,140 g,"$6.99
 ea.",,$4.99 /100g,,,https://product-images.metro.ca/images/hed/hb8/12050802081822.jpg,https://www.metro.ca/en/online-grocery/search-page-475
,Romaine Lettuce Hearts,6 units per package,"$7.99
 ea.",,$1.33 /un.,,,https://product-images.metro.ca/images/h2b/h00/10822844481566.jpg,https://www.metro.ca/en/online-grocery/search-page-475
SCRUBBING BUBBLES,Heavy Duty Fresh Brush® Refills,8 un,"$6.49
 ea.",,$6.49 /un.,,,https://product-images.metro.ca/images/ha4/h58/11250952208414.jpg,https://www.metro.ca/en/online-grocery/search-page-475
LAURA SECORD,Chocolate Duo Cake,485 g,"$19.99
 ea.",,$4.12 /100g,,,https://product-images.metro.ca/images/h00/hec/8859800338462.jpg,https://www.metro.ca/en/online-grocery/search-page-475
SOFTSOAP,Liquid Hand Soap Aquarium Series,221 mL,"$2.79
 ea.",,$1.26 /100ml,,,https://product-images.metro.ca/images/hb0/h80/10913243070494.jpg,https://www.metro.ca/en/online-grocery/search-page-475
A&W,Root Beer,4x341 mL,"$8.99
 ea.",,$0.66 /100ml,,,https://product-images.metro.ca/images/h46/h61/10495743262750.jpg,https://www.metro.ca/en/online-grocery/search-page-475
SPLENDA,No Calorie Granulated Sweetener,275 g,"$12.99
 ea.",,$4.72 /100g,"Regular price
$13.99  ea.","Valid until Jan 10, 2024",https://product-images.metro.ca/images/hd6/h6d/12050723110942.jpg,https://www.metro.ca/en/online-grocery/search-page-475
E.D.SMITH,Raspberry Pie Filling,540 mL,"$6.99
 ea.",,$1.29 /100ml,,,https://product-images.metro.ca/images/h6b/hba/9823758843934.jpg,https://www.metro.ca/en/online-grocery/search-page-475
METROGO!,"Marinated Beef Pinwheels, Value Pack",4 pinwheels per tray,"$14.87
 avg. ea.",(750 g avg.),$19.82 /kg$8.99 /lb.,"Regular price
$22.02  avg. kg","Valid until Jan 10, 2024",,https://www.metro.ca/en/online-grocery/search-page-475
PEACE TEA,Sno-Berry Iced Tea,695 mL,"$1.49
 ea.",,$0.21 /100ml,,,https://product-images.metro.ca/images/hec/h43/10495787139102.jpg,https://www.metro.ca/en/online-grocery/search-page-475
SAPPORO,Japanese Lager Beer,650 mL - can,"$5.99
 ea.",,$0.92 /100ml,,,https://product-images.metro.ca/images/hc0/ha2/9015845715998.jpg,https://www.metro.ca/en/online-grocery/search-page-475
CLUB HOUSE,Parsley Flakes,20 g,"$7.29
 ea.",,$36.45 /100g,,,https://product-images.metro.ca/images/h24/h90/10727329169438.jpg,https://www.metro.ca/en/online-grocery/search-page-475
DOLE,Strawberry And Kiwi Cocktail,12x340 mL,"$7.79
 ea.",,$0.19 /100ml,,,https://product-images.metro.ca/images/h30/h75/10135957372958.jpg,https://www.metro.ca/en/online-grocery/search-page-475
PRANA,Organic Matcha Magic 62% Cocoa Dark Chocolate Bark,100 g,"$5.49
 ea.",,$5.49 /100g,,,https://product-images.metro.ca/images/h70/hf2/11068814131230.jpg,https://www.metro.ca/en/online-grocery/search-page-475
TWININGS,"Honeybush, Mandarin & Orange Herbal Tea",20 un,"$5.79
 ea.",,$0.29 /un.,,,https://product-images.metro.ca/images/hda/h8d/11675977711646.jpg,https://www.metro.ca/en/online-grocery/search-page-475
RIVIERA,"3.2% Organic Blackcurrant Probiotic Yogurt, Petit Pot",4x120 g,"$6.59
 ea.",,$1.37 /100g,,,,https://www.metro.ca/en/online-grocery/search-page-475
CLIF BAR,"Chocolate Chip Bars, Kid ZBar",5x36 g,"$5.99
 ea.",,$3.33 /100g,,,,https://www.metro.ca/en/online-grocery/search-page-475
AMY'S,Organic Alphabet Soup,398 mL,"$5.99
 ea.",,$1.51 /100ml,,,https://product-images.metro.ca/images/h0e/h61/12050799099934.jpg,https://www.metro.ca/en/online-grocery/search-page-475
OGX,Renewing Moroccan Argan Oil For Hair,100 mL,"$11.99
 ea.",,$11.99 /100ml,,,https://product-images.metro.ca/images/hae/h78/11627039031326.jpg,https://www.metro.ca/en/online-grocery/search-page-475
PATAK'S,Sweet Mango Chutney,250 mL,"$6.79
 ea.",,$2.72 /100ml,,,https://product-images.metro.ca/images/h33/hd3/9973570600990.jpg,https://www.metro.ca/en/online-grocery/search-page-475
TRADITION,Sparkling Pear Juice,750 mL,"$5.49
 ea.",,$0.73 /100ml,"Regular price
$6.99  ea.","Valid until Jan 10, 2024",https://product-images.metro.ca/images/h40/hb4/9026240675870.jpg,https://www.metro.ca/en/online-grocery/search-page-475
MAILLE,Dijon Mustard With Honey,200 mL,"$4.99
 ea.",,$2.50 /100ml,"Regular price
$6.49  ea.","Valid until Jan 10, 2024",https://product-images.metro.ca/images/h87/h3f/9514952228894.jpg,https://www.metro.ca/en/online-grocery/search-page-475
MICHEL JODOIN,Coeur À Tout Carbonated Crackling Rosé Cider,750 mL,"$8.99
 ea.",,$1.20 /100ml,"Regular price
$9.99  ea.","Valid until Feb 7, 2024",,https://www.metro.ca/en/online-grocery/search-page-475
LA BOUCANERIE,Sliced Smoked Salmon,300 g,"$24.99
 ea.",,$8.33 /100g,"Regular price
$25.99  ea.","Valid until Jan 17, 2024",https://product-images.metro.ca/images/h31/h37/9824929185822.jpg,https://www.metro.ca/en/online-grocery/search-page-475
,Boneless Half Pork Loin,A tray contains on average 2000 g,"$23.32
 / 2000 g",,$11.66 /kg$5.29 /lb.,,,https://product-images.metro.ca/images/h27/ha9/9053249241118.jpg,https://www.metro.ca/en/online-grocery/search-page-475
QUE PASA,Organic Chipotle Salsa,420 mL,"$4.69
 ea.",,$1.12 /100ml,,,https://product-images.metro.ca/images/h08/h2e/8853368438814.jpg,https://www.metro.ca/en/online-grocery/search-page-475
TANG,Orange Flavour Crystals,3x92 g,"$3.29
 ea.",,$1.19 /100g,,,https://product-images.metro.ca/images/h35/h09/9986750283806.jpg,https://www.metro.ca/en/online-grocery/search-page-475
CASTELLO,Danish Camembert Cheese,125 g,"$8.00
 ea.",,$6.40 /100g,,,https://product-images.metro.ca/images/h3b/h6d/11449525403678.jpg,https://www.metro.ca/en/online-grocery/search-page-475
VEGA,"Chocolate Flavoured Gluten Free Nutritional Shake, One",876 g,"$69.99
 ea.",,$7.99 /100g,,,,https://www.metro.ca/en/online-grocery/search-page-475
IRRESISTIBLES,Salted Bleached Peanuts,600 g,"$4.99
 ea.",,$0.83 /100g,"Regular price
$5.99  ea.","Valid until Jan 10, 2024",https://product-images.metro.ca/images/h44/hbe/9103708520478.jpg,https://www.metro.ca/en/online-grocery/search-page-476
CLIF BAR,Chocolate Brownie Baked Whole Grain Energy Snack Bar...,5x36 g,"$5.99
 ea.",,$3.33 /100g,,,,https://www.metro.ca/en/online-grocery/search-page-476
LA PARISIENNE,Dishwasher Detergent Tabs,60 un,"$15.99
 ea.",,$0.27 /un.,,,https://product-images.metro.ca/images/hcd/ha9/9526228680734.jpg,https://www.metro.ca/en/online-grocery/search-page-476
STASH,Caffeine Free Spice Dragon Red Chai Herbal Tea,18 un,"$6.49
 ea.",,$0.36 /un.,,,https://product-images.metro.ca/images/h5a/h4f/12083901071390.jpg,https://www.metro.ca/en/online-grocery/search-page-476
DIANA,Sliced Peaches In A Light Syrup,720 mL,"$6.49
 ea.",,$0.90 /100ml,,,https://product-images.metro.ca/images/hcf/h91/11665370546206.jpg,https://www.metro.ca/en/online-grocery/search-page-476
UNICO,Jalapeño Stuffed Olives,375 mL,"$2.99
 ea.",,$0.80 /100ml,"Regular price
$3.99  ea.","Valid until Jan 24, 2024",https://product-images.metro.ca/images/hd8/h7e/12263410597918.jpg,https://www.metro.ca/en/online-grocery/search-page-476
AIR WICK,Fresh Waters & Lilies Automatic Spray Refill,180 g,"$8.29
 ea.",,$4.61 /100g,,,https://product-images.metro.ca/images/h80/h68/9719451910174.jpg,https://www.metro.ca/en/online-grocery/search-page-476
TAMPAX,"Super Unscented Tampons With Plastic Applicator, Pearl",18 un,"$5.99
 ea.",,$0.33 /un.,,,,https://www.metro.ca/en/online-grocery/search-page-476
LA JARDINIÈRE,Greek Style Potato Seasoning,180 g,"$5.99
 ea.",,$3.99 /100g,,,https://product-images.metro.ca/images/hbc/hc7/9533211082782.jpg,https://www.metro.ca/en/online-grocery/search-page-476
BABY GOURMET,Banana Raisin Oatmeal Organic Wholegrain Cereal For ...,227 g,"$6.49
 ea.",,$2.86 /100g,,,,https://www.metro.ca/en/online-grocery/search-page-476
VALOR,Dark Chocolate 70% Cocoa Bar Without Added Sugar,100 g,"$4.69
 ea.",,$4.69 /100g,,,https://product-images.metro.ca/images/h57/h00/11829773402142.jpg,https://www.metro.ca/en/online-grocery/search-page-476
SARDO,"Royal Black Olives, Deli Market",250 mL,"$5.29
 ea.",,$2.12 /100ml,,,,https://www.metro.ca/en/online-grocery/search-page-476
FLEECY,Aroma Therapy Relax Fabric Softener Sheets,80 sheets,"$5.49
 ea.",,$0.07 /load,"Regular price
$6.49  ea.","Valid until Feb 7, 2024",https://product-images.metro.ca/images/hb3/hec/10727306821662.jpg,https://www.metro.ca/en/online-grocery/search-page-476
NIVEA,"Sensitive Skin Shaving Gel, Men",198 g,"$5.99
 ea.",,$3.03 /100g,,,,https://www.metro.ca/en/online-grocery/search-page-476
JOHNVINCE FOODS,Red Cherries,225 g,"$4.99
 ea.",,$2.22 /100g,,,https://product-images.metro.ca/images/h44/hd0/8895736086558.jpg,https://www.metro.ca/en/online-grocery/search-page-476
SELECTION,Spicy Spaghetti Sauce Seasoning,110 g,"$3.99
 ea.",,$3.63 /100g,"Regular price
$4.99  ea.","Valid until Feb 7, 2024",https://product-images.metro.ca/images/h93/h2e/8942280212510.jpg,https://www.metro.ca/en/online-grocery/search-page-476
IRRESISTIBLES,Sea Salt Roasted Almonds,300 g,"$8.99
 ea.",,$3.00 /100g,,,https://product-images.metro.ca/images/h51/hbb/9051568635934.jpg,https://www.metro.ca/en/online-grocery/search-page-476
SAN-J,Thai-Style Peanut Sauce,296 mL,"$6.99
 ea.",,$2.36 /100ml,"Regular price
$8.99  ea.","Valid until Jan 10, 2024",https://product-images.metro.ca/images/h7b/hc9/11816850227230.jpg,https://www.metro.ca/en/online-grocery/search-page-476
VILEDA,Pots And Pans Powerfibres Brush,1 un,"$5.29
 ea.",,$5.29 /un.,,,https://product-images.metro.ca/images/h77/he2/11511518199838.jpg,https://www.metro.ca/en/online-grocery/search-page-476
LE GREC,Asian Salad Dressing,350 mL,"$3.99
 ea.",,$1.14 /100ml,"Regular price
$4.79  ea.","Valid until Jan 24, 2024",https://product-images.metro.ca/images/hd6/h56/11477899837470.jpg,https://www.metro.ca/en/online-grocery/search-page-476
ST-DONAT BAKERY,Blueberry Pie,620 g,"$12.49
 ea.",,$2.01 /100g,,,https://product-images.metro.ca/images/h77/h42/9519893348382.jpg,https://www.metro.ca/en/online-grocery/search-page-476
CLUB HOUSE,Ground Cayenne Pepper,81 g,"$7.29
 ea.",,$9.00 /100g,,,https://product-images.metro.ca/images/h19/hd6/10686007345182.jpg,https://www.metro.ca/en/online-grocery/search-page-476
METROGO!,"Chicken Curry And Couscous, Value Pack",,"$25.19
 avg. ea.","(1,150 g avg.)",$21.90 /kg$9.93 /lb.,,,,https://www.metro.ca/en/online-grocery/search-page-476
ENERGIZER,"C Alkaline Batteries, Max",2 un,"$7.49
 ea.",,$3.75 /un.,,,,https://www.metro.ca/en/online-grocery/search-page-476
ORVILLE REDENBACHER,"Light Buttery Flavoured Popping Corn, Gourmet",760 g,"$10.49
 ea.",,$1.38 /100g,,,,https://www.metro.ca/en/online-grocery/search-page-476
BRÛLERIE ST-DENIS,Marie 2™ Blend Whole Coffee Beans,300 g,"$14.99
 ea.",,$5.00 /100g,,,https://product-images.metro.ca/images/h4b/h0b/11292707291166.jpg,https://www.metro.ca/en/online-grocery/search-page-476
CAKE MATE,Rainbow Spiral Candles,24 un,"$2.19
 ea.",,$0.09 /un.,,,https://product-images.metro.ca/images/hb7/hf6/10180412833822.jpg,https://www.metro.ca/en/online-grocery/search-page-476
CANABEC,Frozen Bison For Fondue,200 g,"$16.99
 ea.",,$8.50 /100g,"Regular price
$18.99  ea.","Valid until Jan 17, 2024",https://product-images.metro.ca/images/hf9/h94/9882895941662.jpg,https://www.metro.ca/en/online-grocery/search-page-476
LIPTON,Naturally Decaffeinated Green Tea,72 un,"$8.99
 ea.",,$0.12 /un.,,,https://product-images.metro.ca/images/h43/h7d/11461764153374.jpg,https://www.metro.ca/en/online-grocery/search-page-476
CLUB HOUSE,Basil Leaves,37 g,"$7.29
 ea.",,$19.70 /100g,,,https://product-images.metro.ca/images/hb5/haa/10062156038174.jpg,https://www.metro.ca/en/online-grocery/search-page-476
WONG WING,Frozen Oriental Appetizers,"More than 38 pieces, 852 g","$18.99
 ea.",,$2.23 /100g,"Regular price
$19.99  ea.","Valid until Jan 17, 2024",https://product-images.metro.ca/images/h65/hc3/9999247441950.jpg,https://www.metro.ca/en/online-grocery/search-page-477
DION,Fine Chives,8 g,"$3.99
 ea.",,$49.88 /100g,,,https://product-images.metro.ca/images/h68/h2f/10239154651166.jpg,https://www.metro.ca/en/online-grocery/search-page-477
LAURA SECORD,3" Chocolate Duo Mousse Cake,85 g,"4 / 
$14.00",,or $4.49 ea. $4.12 /100g,,"Valid until Jan 17, 2024",,https://www.metro.ca/en/online-grocery/search-page-477
METROGO!,Cut Vegetable Mix,,"$6.99
 ea.",,$1.75 /100g,,,https://product-images.metro.ca/images/h5a/h63/11930961346590.jpg,https://www.metro.ca/en/online-grocery/search-page-477
LE FROMAGE AU VILLAGE,Le Cru Du Clocher Cheddar Cheese,160 g,"$8.49
 ea.",,$5.31 /100g,,,https://product-images.metro.ca/images/h8b/h10/8903207452702.jpg,https://www.metro.ca/en/online-grocery/search-page-477
KADOYA,Pure Sesame Oil,163 mL,"$5.79
 ea.",,$3.55 /100ml,,,https://product-images.metro.ca/images/h97/h4c/11693796392990.jpg,https://www.metro.ca/en/online-grocery/search-page-477
SNOWDON BAKERY,Round Pumpernickel Bread,625 g,"$6.99
 ea.",,$1.12 /100g,,,https://product-images.metro.ca/images/h9e/h7b/8860443967518.jpg,https://www.metro.ca/en/online-grocery/search-page-477
AVEENO,Fragrance Free Daily Moisturizing Lotion,532 ml,"$16.99
 ea.",,$3.19 /100ml,,,https://product-images.metro.ca/images/h76/hd6/11614430330910.jpg,https://www.metro.ca/en/online-grocery/search-page-477
PRANA,Fuji Premium Salty Nut Mix,150 g,"$5.99
 ea.",,$3.99 /100g,"Regular price
$6.79  ea.","Valid until Jan 24, 2024",https://product-images.metro.ca/images/ha6/h35/10715202289694.jpg,https://www.metro.ca/en/online-grocery/search-page-477
GILLY,Frozen Pork And Green Onion Dumplings,900 g,"$9.99
 ea.",,$1.11 /100g,"Regular price
$10.99  ea.","Valid until Jan 17, 2024",https://product-images.metro.ca/images/h5b/h20/9508237967390.jpg,https://www.metro.ca/en/online-grocery/search-page-477
DAINTY,Conditionned Long Grain Rice,900 g,"$5.99
 ea.",,$0.67 /100g,,,https://product-images.metro.ca/images/hbd/hcd/10715345649694.jpg,https://www.metro.ca/en/online-grocery/search-page-477
QUALI DESSERTS,Frozen Vanilla Boston Cake,6 in - 550 g,"$12.99
 ea.",,$2.36 /100g,,,https://product-images.metro.ca/images/h86/he6/8859820785694.jpg,https://www.metro.ca/en/online-grocery/search-page-477
CANADA DRY,Cranberry Flavoured Ginger Ale,12x355 mL,"$6.98
 ea.",,$0.16 /100ml,"Regular price
$7.99  ea.","Valid until Jan 10, 2024",https://product-images.metro.ca/images/h26/h2c/10495638831134.jpg,https://www.metro.ca/en/online-grocery/search-page-477
CAT CHOW,"Dry Adult Cat Food, Weight Management",1.8 kg,"$11.99
 ea.",,$0.67 /100g,,,,https://www.metro.ca/en/online-grocery/search-page-477
PURINA ONE,Chicken And Rice Dry Dog Food,1.81 kg,"$11.99
 ea.",,$0.66 /100g,"Regular price
$12.99  ea.","Valid until Jan 10, 2024",https://product-images.metro.ca/images/hb8/hf6/11492897849374.jpg,https://www.metro.ca/en/online-grocery/search-page-477
NIVEA,"Clear Antiperspirant And Deodorant Stick, Invisible",43 g,"$4.79
 ea.",,$11.14 /100g,,,,https://www.metro.ca/en/online-grocery/search-page-477
IRRESISTIBLES,Fresh Herb Blend For Fish,10 g,"$2.99
 ea.",,$14.24 /100g,,,https://product-images.metro.ca/images/h64/hec/8959525060638.jpg,https://www.metro.ca/en/online-grocery/search-page-477
STUBB'S,Smoked Mesquite Bbq Sauce,450 mL,"$4.99
 ea.",,$1.11 /100ml,,,https://product-images.metro.ca/images/h3f/h6c/10170669760542.jpg,https://www.metro.ca/en/online-grocery/search-page-477
KNORR,Halal Beef Flavoured Bouillon Cubes,80 g,"$1.79
 ea.",,$2.24 /100g,,,https://product-images.metro.ca/images/hf5/h62/10486536667166.jpg,https://www.metro.ca/en/online-grocery/search-page-477
METROGO!,Clementines And Strawberries,Small,"$4.99
 ea.",,$1.47 /100g,,,https://product-images.metro.ca/images/hf5/h9b/9014675537950.jpg,https://www.metro.ca/en/online-grocery/search-page-477
DR. OETKER,"Milk Chocolate Instant Dessert Mix, Shirriff Mousse",87 g,"$2.99
 ea.",,$3.44 /100g,,,,https://www.metro.ca/en/online-grocery/search-page-477
PATAK'S,Mild Curry Paste,284 mL,"$6.29
 ea.",,$2.21 /100ml,,,https://product-images.metro.ca/images/h6e/h65/9973587968030.jpg,https://www.metro.ca/en/online-grocery/search-page-477
LAURA SECORD,3" Chocolate Ande Dulce De Leche Mousse Cake,85 g,"4 / 
$14.00",,or $4.49 ea. $4.12 /100g,,"Valid until Jan 17, 2024",,https://www.metro.ca/en/online-grocery/search-page-477
SLEEMAN,"Light Lager Beer, Clear 2.0",12x355 mL,"$21.99
 ea.",,$0.52 /100ml,,,,https://www.metro.ca/en/online-grocery/search-page-477
DION,Celery Seeds,43 g,"$2.99
 ea.",,$6.95 /100g,,,https://product-images.metro.ca/images/h34/h9d/10250266050590.jpg,https://www.metro.ca/en/online-grocery/search-page-477
SELECTION,All-Purpose Flour,5 kg,"$8.99
 ea.",,$0.18 /100g,,,https://product-images.metro.ca/images/h90/hf6/9906402164766.jpg,https://www.metro.ca/en/online-grocery/search-page-477
ST. DALFOUR,Black Cherry Deluxe Spread,225 mL,"$7.49
 ea.",,$3.33 /100ml,,,https://product-images.metro.ca/images/hec/h65/11541022179358.jpg,https://www.metro.ca/en/online-grocery/search-page-477
KRISPY KERNELS,Salted Cashews,225 g,"$7.49
 ea.",,$3.33 /100g,"Regular price
$8.49  ea.","Valid until Jan 24, 2024",https://product-images.metro.ca/images/h44/hc9/11461711626270.jpg,https://www.metro.ca/en/online-grocery/search-page-477
CIDRERIE ST-NICOLAS,Cranberry Sparkling Apple Must,750 mL,"$8.99
 ea.",,$1.20 /100ml,"Regular price
$9.99  ea.","Valid until Jan 17, 2024",https://product-images.metro.ca/images/h26/h68/8831583191070.jpg,https://www.metro.ca/en/online-grocery/search-page-477
WERNLI,Truffet Cookies,100 g,"$5.49
 ea.",,$5.49 /100g,,,https://product-images.metro.ca/images/h8f/hce/9532996976670.jpg,https://www.metro.ca/en/online-grocery/search-page-477
SARDO,"Greek Salad, Deli Market",250 mL,"$5.29
 ea.",,$2.12 /100ml,,,,https://www.metro.ca/en/online-grocery/search-page-478
SUBLIME,Brownie Cream Puff Cake,900 g,"$24.99
 ea.",,$2.63 /100g,,,https://product-images.metro.ca/images/h69/ha6/12146350981150.jpg,https://www.metro.ca/en/online-grocery/search-page-478
DION,Marjoram,8 g,"$2.29
 ea.",,$28.63 /100g,"Regular price
$2.69  ea.","Valid until Feb 7, 2024",https://product-images.metro.ca/images/h42/h84/10250253697054.jpg,https://www.metro.ca/en/online-grocery/search-page-478
CANADA DRY,Blackberry Flavoured Ginger Ale,6x222 mL,"2 / 
$8.00",,$0.30 /100ml,"Regular price
$5.79  ea.","Valid until Jan 24, 2024",https://product-images.metro.ca/images/h6c/h30/11641399836702.jpg,https://www.metro.ca/en/online-grocery/search-page-478
DION,Mustard Seeds,63 g,"$3.29
 ea.",,$5.22 /100g,,,https://product-images.metro.ca/images/h31/h49/10378930978846.jpg,https://www.metro.ca/en/online-grocery/search-page-478
THAI KITCHEN,Lemongrass And Chili Instant Rice Noodle Soup,45 g,"$1.89
 ea.",,$4.20 /100g,,,https://product-images.metro.ca/images/h06/hda/9546715136030.jpg,https://www.metro.ca/en/online-grocery/search-page-478
PEPPERIDGE FARM,"Macadamia & Chocolate Chunk Crispy Cookies, Sausalito",200 g,"$3.99
 ea.",,$2.00 /100g,"Regular price
$4.99  ea.","Valid until Jan 24, 2024",,https://www.metro.ca/en/online-grocery/search-page-478
PEDIGREE,Breath Buster™ Snack Food For Small Dogs,500 g,"$6.29
 ea.",,$1.26 /100g,,,https://product-images.metro.ca/images/hec/h92/9514441998366.jpg,https://www.metro.ca/en/online-grocery/search-page-478
MICROBRASSERIE LE BOCKALE,"Non-Alcoholic IPA Beer, Découverte",473 mL - can,"$4.29
 ea.",,$0.91 /100ml,,,,https://www.metro.ca/en/online-grocery/search-page-478
CRYSTAL LIGHT,Low Calorie Raspberry Ice Drink Mix,10x2.4 g,"$3.99
 ea.",,$16.63 /100g,"Regular price
$4.79  ea.","Valid until Jan 24, 2024",https://product-images.metro.ca/images/hb9/hf2/10788944871454.jpg,https://www.metro.ca/en/online-grocery/search-page-478
CHOCOLATERIE DU VIEUX BELOEIL,Sea Salt Caramel,314 mL,"$9.49
 ea.",,$3.02 /100ml,,,https://product-images.metro.ca/images/h3e/hf8/9559110647838.jpg,https://www.metro.ca/en/online-grocery/search-page-478
TIPIAK,Spiced Couscous,250 g,"$3.99
 ea.",,$1.60 /100g,"Regular price
$4.99  ea.","Valid until Jan 24, 2024",https://product-images.metro.ca/images/h0b/h63/9530019250206.jpg,https://www.metro.ca/en/online-grocery/search-page-478
SELECTION,Parboiled Long Grain Rice,8 kg,"$14.99
 ea.",,$0.19 /100g,,,https://product-images.metro.ca/images/h40/h6c/10183911866398.jpg,https://www.metro.ca/en/online-grocery/search-page-478
SPLENDA,Brown Sugar Blend,454 g,"$7.49
 ea.",,$1.65 /100g,"Regular price
$8.49  ea.","Valid until Feb 7, 2024",https://product-images.metro.ca/images/ha4/h88/12050782650398.jpg,https://www.metro.ca/en/online-grocery/search-page-478
FLIX-O,Paraffin Bars,450 g,"$9.99
 ea.",,$2.22 /100g,,,https://product-images.metro.ca/images/h9e/h78/9836303613982.jpg,https://www.metro.ca/en/online-grocery/search-page-478
IRRESISTIBLES,Ground Paprika,54 g,"$3.49
 ea.",,$5.37 /100g,,,https://product-images.metro.ca/images/h7e/hdf/12083928203294.jpg,https://www.metro.ca/en/online-grocery/search-page-478
FINESSE,Firm Hold Unscented Hairspray With Keratin Protein,300 ml,"$3.29
 ea.",,$1.10 /100ml,"Regular price
$4.99  ea.","Valid until Feb 7, 2024",https://product-images.metro.ca/images/h2b/hed/9928978366494.jpg,https://www.metro.ca/en/online-grocery/search-page-478
MAISON ORPHÉE,Vegan Caesar Dressing,250 mL,"$5.29
 ea.",,$2.12 /100ml,,,https://product-images.metro.ca/images/h5d/h0d/11541011824670.jpg,https://www.metro.ca/en/online-grocery/search-page-478
IRRESISTIBLES,Onion Powder,50 g,"$2.49
 ea.",,$4.98 /100g,,,https://product-images.metro.ca/images/hbb/h97/12083929415710.jpg,https://www.metro.ca/en/online-grocery/search-page-478
CANADA DRY,Club Soda,6x222 mL,"2 / 
$8.00",,$0.30 /100ml,"Regular price
$5.79  ea.","Valid until Jan 24, 2024",https://product-images.metro.ca/images/h01/h7c/10495746342942.jpg,https://www.metro.ca/en/online-grocery/search-page-478
MILK BONE,Grain Free Dog Treats With Real Lamb Spring Vegetabl...,340 g,"$5.79
 ea.",,$1.70 /100g,,,,https://www.metro.ca/en/online-grocery/search-page-478
THAI KITCHEN,Thai Ginger Instant Rice Noodle Soup,45 g,"$1.89
 ea.",,$4.20 /100g,,,https://product-images.metro.ca/images/hd7/hdd/9546714972190.jpg,https://www.metro.ca/en/online-grocery/search-page-478
METROGO!,Frozen Chicken Pot Pie,650 g,"3 / 
$24.00",,or $8.99 ea. $1.23 /100g,"Regular price
$9.99  ea.","Valid until Jan 17, 2024",https://product-images.metro.ca/images/h9e/h0a/12367133638686.jpg,https://www.metro.ca/en/online-grocery/search-page-478
BABY MUM-MUM,Original Flavoured Selected Superior Rice Rusks,50 g,"$2.99
 ea.",,$5.98 /100g,"Regular price
$3.69  ea.","Valid until Feb 7, 2024",https://product-images.metro.ca/images/h63/hfe/10727301447710.jpg,https://www.metro.ca/en/online-grocery/search-page-478
CREST,Cool Wintergreen Flavoured Alcohol Free Multi-Protec...,1 L,"$7.99
 ea.",,$0.80 /100ml,,,,https://www.metro.ca/en/online-grocery/search-page-478
CEDAR,Romano Beans,540 mL,"$1.99
 ea.",,$0.37 /100ml,"Regular price
$2.79  ea.","Valid until Jan 24, 2024",https://product-images.metro.ca/images/ha2/h6d/9719617159198.jpg,https://www.metro.ca/en/online-grocery/search-page-478
WRIGLEY'S,"Cooling Peppermint™ Flavoured Cobalt Sugar-Free Gum, 5",3 un,"$6.49
 ea.",,$2.16 /un.,,,,https://www.metro.ca/en/online-grocery/search-page-478
,Santa Claus Melon,,"$8.15
 avg. ea.","(1,361 g avg.)","$5,990.00 /kg$2,717.02 /lb.",,,https://product-images.metro.ca/images/h4c/h93/8837346852894.jpg,https://www.metro.ca/en/online-grocery/search-page-478
CANADA DRY,Ginger Ale,6x237 mL,"$6.99
 ea.",,$0.49 /100ml,"Regular price
$7.99  ea.","Valid until Jan 24, 2024",https://product-images.metro.ca/images/h92/h85/10495710658590.jpg,https://www.metro.ca/en/online-grocery/search-page-478
NESTLÉ,"Chocolate Bars, Rolo",4x52 g,"$5.99
 ea.",,$2.88 /100g,,,,https://www.metro.ca/en/online-grocery/search-page-478
SMUCKER'S,Magic Shell® Chocolate Sundae Topping,205 g,"$3.29
 ea.",,$1.60 /100g,"Regular price
$4.19  ea.","Valid until Jan 24, 2024",https://product-images.metro.ca/images/hff/h0e/11307089920030.jpg,https://www.metro.ca/en/online-grocery/search-page-479
LA MILANAISE,Organic Oat Bran,500 g,"$4.99
 ea.",,$1.00 /100g,,,https://product-images.metro.ca/images/h93/h8d/9927575339038.jpg,https://www.metro.ca/en/online-grocery/search-page-479
VASELINE,"Cocoa Radiant® Moisturizing Lotion, Intensive Care",600 mL,"$10.99
 ea.",,$1.83 /100ml,,,,https://www.metro.ca/en/online-grocery/search-page-479
DIET COKE,Caffeine Free Soft Drink,2 L,"$3.69
 ea.",,$0.18 /100ml,,,https://product-images.metro.ca/images/h51/h75/11492940808222.jpg,https://www.metro.ca/en/online-grocery/search-page-479
CARLING,"Lager Beer, Black Label",710 mL - can,"$3.79
 ea.",,$0.53 /100ml,,,,https://www.metro.ca/en/online-grocery/search-page-479
MADJACK,Apple Lager Beer,473 mL - can,"$3.79
 ea.",,$0.80 /100ml,,,https://product-images.metro.ca/images/h66/he0/9508314677278.jpg,https://www.metro.ca/en/online-grocery/search-page-479
DION,Ground Nutmeg,39 g,"$6.29
 ea.",,$16.13 /100g,,,https://product-images.metro.ca/images/h5a/h2b/9530194788382.jpg,https://www.metro.ca/en/online-grocery/search-page-479
ARM & HAMMER,"Original Scent Invisible Solid Antiperspirant, Advance",79 g,"$3.49
 ea.",,$4.42 /100g,,,,https://www.metro.ca/en/online-grocery/search-page-479
NATURE'S BAKERY,Blueberry And Fig Bars,340 g,"$7.49
 ea.",,$2.20 /100g,"Regular price
$8.49  ea.","Valid until Feb 7, 2024",https://product-images.metro.ca/images/h41/h1b/10547109658654.jpg,https://www.metro.ca/en/online-grocery/search-page-479
CLUB HOUSE,Ground Black Pepper,39 g,"$5.79
 ea.",,$14.85 /100g,,,https://product-images.metro.ca/images/ha1/h35/11412537835550.jpg,https://www.metro.ca/en/online-grocery/search-page-479
KÉVY,Frozen Veal Sausage,250 g,"$4.99
 ea.",,$2.00 /100g,,,https://product-images.metro.ca/images/hd9/h5d/8825958498334.jpg,https://www.metro.ca/en/online-grocery/search-page-479
BIO ABSORBANT,Lemon Natural Air Purifier,227 g,"$4.99
 ea.",,$2.20 /100g,"Regular price
$6.49  ea.","Valid until Feb 7, 2024",https://product-images.metro.ca/images/h1d/h76/10073294110750.jpg,https://www.metro.ca/en/online-grocery/search-page-479
LADY SPEED STICK,Cool And Fresh Antiperspirant Stick,70 g,"$5.99
 ea.",,$8.56 /100g,,,https://product-images.metro.ca/images/h40/h31/11735012900894.jpg,https://www.metro.ca/en/online-grocery/search-page-479
DIET COKE,Soft Drink,1 L,"$2.29
 ea.",,$0.23 /100ml,,,https://product-images.metro.ca/images/h85/h26/10495624937502.jpg,https://www.metro.ca/en/online-grocery/search-page-479
PEDIGREE,"Original Flavoured Oral Care Treats For Large Dogs, ...",608 g,"$10.99
 ea.",,$1.81 /100g,"Regular price
$12.49  ea.","Valid until Jan 24, 2024",,https://www.metro.ca/en/online-grocery/search-page-479
LA CHAUDIÈRE,Tiguidou! Extra-Old Cheddar Cheese,340 g,"$8.99
 ea.",,$2.64 /100g,"Regular price
$9.99  ea.","Valid until Feb 14, 2024",https://product-images.metro.ca/images/had/h00/10938845298718.jpg,https://www.metro.ca/en/online-grocery/search-page-479
BIO ABSORBANT,Mint Scented Natural Air Purifier,227 g,"$4.99
 ea.",,$2.20 /100g,"Regular price
$6.49  ea.","Valid until Feb 7, 2024",https://product-images.metro.ca/images/hce/hac/9865480470558.jpg,https://www.metro.ca/en/online-grocery/search-page-479
METROGO!,Portuguese Butterflied Chicken Without Back,,"$17.54
 avg. ea.","(1,450 g avg.)",$12.10 /kg$5.49 /lb.,,,https://product-images.metro.ca/images/hc7/h90/8886574776350.jpg,https://www.metro.ca/en/online-grocery/search-page-479
ALASKAN SNOW LEGS,Frozen Crab Flavoured Seafood,240 g,"$8.99
 ea.",,$3.75 /100g,,,https://product-images.metro.ca/images/h48/he2/9533029974046.jpg,https://www.metro.ca/en/online-grocery/search-page-479
RIVIERA,Cheddar Cheese Aged 2 Years,200 g,"$9.29
 ea.",,$4.65 /100g,"Regular price
$10.49  ea.","Valid until Jan 17, 2024",https://product-images.metro.ca/images/h98/hc1/11461732139038.jpg,https://www.metro.ca/en/online-grocery/search-page-479
FRISKIES,"Chicken In Gravy Cat Treats, Party Mix",170 g,"2 / 
$5.50",,$1.62 /100g,"Regular price
$3.99  ea.","Valid until Jan 24, 2024",,https://www.metro.ca/en/online-grocery/search-page-479
HÄAGEN-DAZS,"Cookie Dough Flavoured Ice Cream Bars, Exträaz",3x72 mL,"$4.99
 ea.",,$2.31 /100ml,"Regular price
$6.69  ea.","Valid until Jan 24, 2024",,https://www.metro.ca/en/online-grocery/search-page-479
ARNOTT'S,"Original Chocolate Cookies, Tim Tam",200 g,"$4.99
 ea.",,$2.50 /100g,,,,https://www.metro.ca/en/online-grocery/search-page-479
CHOCOLATS FAVORIS,Dreamy White White Chocolate Drops,210 g,"$5.99
 ea.",,$2.85 /100g,,,https://product-images.metro.ca/images/h26/hcf/10509582303262.jpg,https://www.metro.ca/en/online-grocery/search-page-479
IRRESISTIBLES,Condiment With White Wine Vinegar,500 mL,"$5.29
 ea.",,$1.06 /100ml,,,https://product-images.metro.ca/images/ha6/hed/8854937305118.jpg,https://www.metro.ca/en/online-grocery/search-page-479
DOVE,Powder Invisible Solid Antiperspirant,74 g,"$7.99
 ea.",,$10.80 /100g,,,https://product-images.metro.ca/images/h87/h04/11730380062750.jpg,https://www.metro.ca/en/online-grocery/search-page-479
VICKS,"Nasal Decongestant And Cough Suppressant Ointment, V...",50 g,"$7.99
 ea.",,$15.98 /100g,,,,https://www.metro.ca/en/online-grocery/search-page-479
POLIDENT,Daily Care Triple Mint Fresh Denture Cleanser,96 un,"$10.99
 ea.",,$0.11 /un.,,,https://product-images.metro.ca/images/h86/hc2/11734994812958.jpg,https://www.metro.ca/en/online-grocery/search-page-479
BIOITALIA,No Salt Added Organic Lentils,398 mL,"$3.29
 ea.",,$0.83 /100ml,,,https://product-images.metro.ca/images/hc7/h7d/9938125651998.jpg,https://www.metro.ca/en/online-grocery/search-page-479
DOVE,"Shea Butter Antiperspirant Stick, Go Sleeveless",45 g,"$6.49
 ea.",,$14.42 /100g,,,,https://www.metro.ca/en/online-grocery/search-page-479
BIC,"Smooth Scented Disposable Razors, Soleil",4 un,"$7.79
 ea.",,$1.95 /un.,,,,https://www.metro.ca/en/online-grocery/search-page-480
DUMET,Moroccan Black Olives,200 g,"$4.99
 ea.",,$2.50 /100g,,,https://product-images.metro.ca/images/hfe/h82/9111697653790.jpg,https://www.metro.ca/en/online-grocery/search-page-480
,Frozen Cooked Octopus Leg,300 g,"$22.99
 ea.",,$7.66 /100g,,,https://product-images.metro.ca/images/h8f/hf8/9005849444382.jpg,https://www.metro.ca/en/online-grocery/search-page-480
,Bourbon Vanilla Bean,8 g,"$12.99
 ea.",,$162.38 /100g,,,https://product-images.metro.ca/images/h6e/h80/8822723739678.jpg,https://www.metro.ca/en/online-grocery/search-page-480
WERNLI,Granor Cookies,100 g,"$5.49
 ea.",,$5.49 /100g,,,https://product-images.metro.ca/images/he6/h72/9533070049310.jpg,https://www.metro.ca/en/online-grocery/search-page-480
PEDIGREE,Choice Cuts In Sauce® Dog Food With Real Chicken,630 g,"$4.19
 ea.",,$0.67 /100g,,,https://product-images.metro.ca/images/hbe/h8a/9731738599454.jpg,https://www.metro.ca/en/online-grocery/search-page-480
AU QUOTIDIEN,Quebec Red Wine,4 L,"$40.99
 ea.",,$1.02 /100ml,,,https://product-images.metro.ca/images/hf1/he1/10498084536350.jpg,https://www.metro.ca/en/online-grocery/search-page-480
CLUB HOUSE,Curry Powder,110 g,"$9.49
 ea.",,$8.63 /100g,,,https://product-images.metro.ca/images/h97/hd1/10062154334238.jpg,https://www.metro.ca/en/online-grocery/search-page-480
METROGO!,Chicken BLT Salad,,"$9.99
 ea.",,$2.38 /100g,,,https://product-images.metro.ca/images/hce/h7f/8837219844126.jpg,https://www.metro.ca/en/online-grocery/search-page-480
SMUCKER'S,Strawberry Sundae Syrup™,428 mL,"$4.69
 ea.",,$1.10 /100ml,"Regular price
$5.29  ea.","Valid until Jan 24, 2024",https://product-images.metro.ca/images/hcc/hbe/11412522631198.jpg,https://www.metro.ca/en/online-grocery/search-page-480
IRRESISTIBLES,Provence Herbs Blend,22 g,"$2.49
 ea.",,$11.32 /100g,,,https://product-images.metro.ca/images/h9b/he9/8988152561694.jpg,https://www.metro.ca/en/online-grocery/search-page-480
IRRESISTIBLES,Flaked Albacore Tuna In Water,142 g,"$4.49
 ea.",,$3.16 /100g,,,https://product-images.metro.ca/images/hf0/ha6/9519464415262.jpg,https://www.metro.ca/en/online-grocery/search-page-480
IRRESISTIBLES,Dried Basil,20 g,"$3.49
 ea.",,$17.45 /100g,,,https://product-images.metro.ca/images/h18/h62/12083922731038.jpg,https://www.metro.ca/en/online-grocery/search-page-480
GRAND PRÉ,"Prebiotic Chocolate Milk Beverage, Chokéo",3x200 mL,"$4.19
 ea.",,$0.70 /100ml,,,,https://www.metro.ca/en/online-grocery/search-page-480
DOUBLE VIE,"Canadian Red Wine, Oakyard Selection",4 L,"$43.99
 ea.",,$1.10 /100ml,,,,https://www.metro.ca/en/online-grocery/search-page-480
MAPLE LEAF,"Frozen Broccoli And Cheddar Stuffed Chicken Cutlets,...",568 g,"$16.99
 ea.",,$2.99 /100g,,,,https://www.metro.ca/en/online-grocery/search-page-480
ZINDA,Pilaf With Vegetables Couscous,340 g,"$3.99
 ea.",,$1.17 /100g,,,https://product-images.metro.ca/images/hb5/h5c/9916382871582.jpg,https://www.metro.ca/en/online-grocery/search-page-480
CREST,"Mint Flavoured Diamond Strong™ Whitening Toothpaste,...",90 mL,"$6.49
 ea.",,$7.21 /100ml,,,,https://www.metro.ca/en/online-grocery/search-page-480
DOVE,"Intensive Repair Shampoo, Damage Solutions",355 mL,"$6.99
 ea.",,$1.97 /100ml,,,,https://www.metro.ca/en/online-grocery/search-page-480
DOVE,"Extra Fresh Non Irritant Antiperspirant Dry Spray, M...",107 g,"$8.99
 ea.",,$8.40 /100g,,,,https://www.metro.ca/en/online-grocery/search-page-480
SUNSET,"Organic Sweet Bell Peppers, Organics",2 un,"$6.99
 ea.",,$3.50 /un.,,,,https://www.metro.ca/en/online-grocery/search-page-480
IRRESISTIBLES,Cream Of Tartar Powder,90 g,"$4.99
 ea.",,$5.54 /100g,,,https://product-images.metro.ca/images/hd4/h98/9719687807006.jpg,https://www.metro.ca/en/online-grocery/search-page-480
ST. IVES,Naturally Soothing Oatmeal And Shea Butter Body Lotion,600 mL,"$6.99
 ea.",,$1.17 /100ml,,,https://product-images.metro.ca/images/hc3/hf8/10938805354526.jpg,https://www.metro.ca/en/online-grocery/search-page-480
SS-FRUTAS IMPORTS,Naturally Sweet Crunchy Plantain Crisps,85 g,"$2.49
 ea.",,$2.93 /100g,,,https://product-images.metro.ca/images/hcf/h53/9973608742942.jpg,https://www.metro.ca/en/online-grocery/search-page-480
LE TROU DU DIABLE MICROBREWERY,"Irish-Style Stout Beer, Le Sang D'Encre",600 mL - bottle,"4 / 
$22.00",,or $6.49 ea. $0.92 /100ml,,"Valid until Feb 7, 2024",,https://www.metro.ca/en/online-grocery/search-page-480
LABATT,"Strong Lager Beer, Bleue Dry",740 mL - can,"$4.29
 ea.",,$0.58 /100ml,,,,https://www.metro.ca/en/online-grocery/search-page-480
CEDAR,Mixed Beans,907 g,"$5.99
 ea.",,$0.66 /100g,,,https://product-images.metro.ca/images/h0a/h3f/11590633783326.jpg,https://www.metro.ca/en/online-grocery/search-page-480
IRRESISTIBLES,Unsalted Bleached Peanuts,600 g,"$4.99
 ea.",,$0.83 /100g,"Regular price
$5.99  ea.","Valid until Jan 10, 2024",https://product-images.metro.ca/images/hac/h2b/9131798626334.jpg,https://www.metro.ca/en/online-grocery/search-page-480
PRANA,Organic Chocolate Bark With Caramelized Nuts And Sea...,100 g,"$5.49
 ea.",,$5.49 /100g,,,,https://www.metro.ca/en/online-grocery/search-page-480
MOLSON,"Ale Beer, Export",6x355 mL - cans,"$12.99
 ea.",,$0.61 /100ml,,,,https://www.metro.ca/en/online-grocery/search-page-480
BABY GOURMET,Vegetable Beef Bolognese & Pasta Stars For Babies 8+...,128 mL,"$3.49
 ea.",,$2.73 /100ml,,,,https://www.metro.ca/en/online-grocery/search-page-481
RIVIERA,Lactose Free Medium Cheddar,200 g,"$7.29
 ea.",,$3.65 /100g,"Regular price
$7.99  ea.","Valid until Jan 17, 2024",https://product-images.metro.ca/images/h26/hfd/11461739249694.jpg,https://www.metro.ca/en/online-grocery/search-page-481
FLAGRANTS DESIRS,Mint Flavoured Dark Chocolate,100 g,"$4.49
 ea.",,$4.49 /100g,,,https://product-images.metro.ca/images/h9f/hcc/10053714018334.jpg,https://www.metro.ca/en/online-grocery/search-page-481
NATURSOURCE,Original Salad Topper,625 g,"$13.99
 ea.",,$2.24 /100g,,,https://product-images.metro.ca/images/h63/hc9/9883042086942.jpg,https://www.metro.ca/en/online-grocery/search-page-481
M'LORD,Caperberries,210 mL,"$3.79
 ea.",,$1.80 /100ml,"Regular price
$4.49  ea.","Valid until Jan 24, 2024",https://product-images.metro.ca/images/ha7/h7d/12263426654238.jpg,https://www.metro.ca/en/online-grocery/search-page-481
METROGO!,Pea Soup,,"$7.99
 ea.",,$1.00 /100ml,,,https://www.metro.ca/images/shared/placeholders/icon-no-picture.svg?v=2023.71.1.d1,https://www.metro.ca/en/online-grocery/search-page-481
LA COSTEÑA,Green Pickled Jalapeño Peppers,200 mL,"$1.99
 ea.",,$1.00 /100ml,,,https://product-images.metro.ca/images/hc0/h3f/11829793587230.jpg,https://www.metro.ca/en/online-grocery/search-page-481
VAN HOUTTE,"French Vanilla Ground Coffee, Flavoured Collection",340 g,"$9.99
 ea.",,$2.94 /100g,"Regular price
$10.99  ea.","Valid until Feb 7, 2024",,https://www.metro.ca/en/online-grocery/search-page-481
NATURCLING,Biodegradable Defecation Bags For Animals,100 un,"$3.49
 ea.",,$0.03 /un.,,,https://product-images.metro.ca/images/h1b/hec/8808908062750.jpg,https://www.metro.ca/en/online-grocery/search-page-481
MILLE FLEURS,Onion And Port Wine Confit,250 mL,"$7.99
 ea.",,$3.20 /100ml,,,https://product-images.metro.ca/images/h14/h96/10062185988126.jpg,https://www.metro.ca/en/online-grocery/search-page-481
PATAK'S,Tandoori Cooking Sauce,400 mL,"$6.29
 ea.",,$1.57 /100ml,,,https://product-images.metro.ca/images/hf4/hf8/9973605269534.jpg,https://www.metro.ca/en/online-grocery/search-page-481
AIR WICK,Magnolia And Cherry Blossom Scented Oil Refill,2x20 mL,"$11.49
 ea.",,$28.73 /100ml,"Regular price
$12.99  ea.","Valid until Feb 7, 2024",https://product-images.metro.ca/images/h58/h52/11714245099550.jpg,https://www.metro.ca/en/online-grocery/search-page-481
SAN-J,Organic Tamari Sauce,296 mL,"$6.99
 ea.",,$2.36 /100ml,"Regular price
$8.99  ea.","Valid until Jan 10, 2024",https://product-images.metro.ca/images/hf5/heb/11816810053662.jpg,https://www.metro.ca/en/online-grocery/search-page-481
DION,Poppy Seeds,58 g,"$2.99
 ea.",,$5.16 /100g,"Regular price
$3.79  ea.","Valid until Feb 7, 2024",https://product-images.metro.ca/images/h04/hbb/10250255564830.jpg,https://www.metro.ca/en/online-grocery/search-page-481
KRISPY KERNELS,Unsalted Mixed Nuts,225 g,"$7.49
 ea.",,$3.33 /100g,"Regular price
$8.49  ea.","Valid until Jan 24, 2024",https://product-images.metro.ca/images/h15/hac/11198036377630.jpg,https://www.metro.ca/en/online-grocery/search-page-481
STARBUCKS,Classic Hot Cocoa K-Cup® Pods,10 un,"$13.29
 ea.",,$1.33 /un.,,,https://product-images.metro.ca/images/hd9/h3a/12266490265630.jpg,https://www.metro.ca/en/online-grocery/search-page-481
GLUTENBERG,Gluten-Free Blonde Beer,4x473 mL - cans,"$10.99
 ea.",,$0.58 /100ml,"Regular price
$11.99  ea.","Valid until Feb 7, 2024",https://product-images.metro.ca/images/h2f/hfd/10109099769886.jpg,https://www.metro.ca/en/online-grocery/search-page-481
MATILDE VICENZI,"Amaretti Cookies, Amaretto D'Italia",200 g,"$4.49
 ea.",,$2.25 /100g,,,,https://www.metro.ca/en/online-grocery/search-page-481
CEDAR,Lychees In Light Syrup,540 mL,"$4.79
 ea.",,$0.89 /100ml,,,https://product-images.metro.ca/images/hd9/h43/8822593126430.jpg,https://www.metro.ca/en/online-grocery/search-page-481
WALTER,Mild Spice Craft Caesar Mix,946 mL,"$8.49
 ea.",,$0.90 /100ml,"Regular price
$9.99  ea.","Valid until Jan 24, 2024",https://product-images.metro.ca/images/hd1/h90/12263427080222.jpg,https://www.metro.ca/en/online-grocery/search-page-481
CLUB HOUSE,Organic Italian Seasoning,11 g,"$2.99
 ea.",,$27.18 /100g,"Regular price
$3.29  ea.","Valid until Feb 7, 2024",https://product-images.metro.ca/images/h33/hce/11307125473310.jpg,https://www.metro.ca/en/online-grocery/search-page-481
MASECA,Instant Corn Masa Flour,2 kg,"$11.49
 ea.",,$0.57 /100g,,,https://product-images.metro.ca/images/h77/h5c/8872854749214.jpg,https://www.metro.ca/en/online-grocery/search-page-481
IRRESISTIBLES,Fresh Herb Blend For Pastas,10 g,"$2.99
 ea.",,$14.24 /100g,,,https://product-images.metro.ca/images/hc8/h61/8959517687838.jpg,https://www.metro.ca/en/online-grocery/search-page-481
RED BULL,"Energy Drink, Blueberry",250 mL,"2 / 
$5.50",,$1.10 /100ml,"Regular price
$3.49  ea.","Valid until Jan 24, 2024",https://product-images.metro.ca/images/h73/hdf/11481655803934.jpg,https://www.metro.ca/en/online-grocery/search-page-481
KEEBLER,"Original Light And Buttery Flavoured Crackers, Town ...",391 g,"$4.99
 ea.",,$1.28 /100g,,,,https://www.metro.ca/en/online-grocery/search-page-481
BRISK,Lemon Flavoured Iced Tea,6x710 mL,"$6.49
 ea.",,$0.15 /100ml,,,https://product-images.metro.ca/images/h8b/hd7/10139298562078.jpg,https://www.metro.ca/en/online-grocery/search-page-481
CAKE MATE,Number 0 To 9 Candles,10 un,"$4.19
 ea.",,$0.42 /un.,,,https://product-images.metro.ca/images/h2f/h0c/9527273455646.jpg,https://www.metro.ca/en/online-grocery/search-page-481
M'LORD,Marinated Green Asparagus,250 mL,"$4.99
 ea.",,$2.00 /100ml,"Regular price
$5.99  ea.","Valid until Jan 24, 2024",https://product-images.metro.ca/images/hba/h4b/10183911309342.jpg,https://www.metro.ca/en/online-grocery/search-page-481
NATURCLING,Oxo-Biodegradable Garbage Bags,13 un,"$3.29
 ea.",,$0.25 /un.,,,https://product-images.metro.ca/images/h7e/h51/9910100262942.jpg,https://www.metro.ca/en/online-grocery/search-page-481
AIR WICK,Wild Strawberry & Mountain Rain Scented Oil Refills,2x20 mL,"$11.49
 ea.",,$28.73 /100ml,"Regular price
$12.99  ea.","Valid until Feb 7, 2024",https://product-images.metro.ca/images/hd5/ha5/11614450712606.jpg,https://www.metro.ca/en/online-grocery/search-page-481
ST. DALFOUR,Ginger And Orange Deluxe Spread,225 mL,"$7.49
 ea.",,$3.33 /100ml,,,https://product-images.metro.ca/images/hbf/h71/11541011234846.jpg,https://www.metro.ca/en/online-grocery/search-page-482
PEDIASURE,Vanilla Flavoured Nutritional Supplement For Childre...,4x235 mL,"$14.49
 ea.",,$1.54 /100ml,,,,https://www.metro.ca/en/online-grocery/search-page-482
DION,Savory,17 g,"$2.29
 ea.",,$13.47 /100g,"Regular price
$2.69  ea.","Valid until Feb 7, 2024",https://product-images.metro.ca/images/h7c/h13/10278129696798.jpg,https://www.metro.ca/en/online-grocery/search-page-482
FEVER-TREE,Premium Tonic Water,4x200 mL,"$8.49
 ea.",,$1.06 /100ml,,,https://product-images.metro.ca/images/hef/h76/12210160500766.jpg,https://www.metro.ca/en/online-grocery/search-page-482
HOME CARE,Hair Catching Drain,1 un,"$1.29
 ea.",,$1.29 /un.,,,https://product-images.metro.ca/images/h4b/h8c/10710859972638.jpg,https://www.metro.ca/en/online-grocery/search-page-482
THAI KITCHEN,Bangkok Curry Instant Rice Noodle Soup,45 g,"$1.89
 ea.",,$4.20 /100g,,,https://product-images.metro.ca/images/hca/hec/10170569424926.jpg,https://www.metro.ca/en/online-grocery/search-page-482
ROCKSTAR,Original Flavoured Energy Drink,473 mL,"$3.79
 ea.",,$0.80 /100ml,,,https://product-images.metro.ca/images/hd5/hca/9999192621086.jpg,https://www.metro.ca/en/online-grocery/search-page-482
LACTANTIA,"2% Milk, PurFiltre",473 mL,"$2.29
 ea.",,$0.48 /100ml,,,,https://www.metro.ca/en/online-grocery/search-page-482
BIO-K+,Strawberrry Flavoured Fermented Milk With Probiotics,6x98 g,"$22.99
 ea.",,$3.91 /100g,,,https://product-images.metro.ca/images/h49/h6d/10239124570142.jpg,https://www.metro.ca/en/online-grocery/search-page-482
BIOITALIA,Organic Chopped Tomatoes,398 mL,"$3.29
 ea.",,$0.83 /100ml,,,https://product-images.metro.ca/images/hb8/h34/11816856485918.jpg,https://www.metro.ca/en/online-grocery/search-page-482
AURORA,Farfalle,450 g,"$2.49
 ea.",,$0.55 /100g,,,https://product-images.metro.ca/images/hd3/h10/9522814615582.jpg,https://www.metro.ca/en/online-grocery/search-page-482
DION,Salad Seasoning,123 g,"$5.79
 ea.",,$4.71 /100g,,,https://product-images.metro.ca/images/hb4/hed/10239156518942.jpg,https://www.metro.ca/en/online-grocery/search-page-482
CHIPS AHOY!,Rainbow Chocolate Chips Cookies,457 g,"$4.49
 ea.",,$0.98 /100g,"Regular price
$5.99  ea.","Valid until Jan 10, 2024",https://product-images.metro.ca/images/h16/hc8/9527882612766.jpg,https://www.metro.ca/en/online-grocery/search-page-482
CLUB HOUSE,Ground Cumin,90 g,"$9.49
 ea.",,$10.54 /100g,,,https://product-images.metro.ca/images/h5a/hec/10170588069918.jpg,https://www.metro.ca/en/online-grocery/search-page-482
LA COSTEÑA,Pickled Jalapeno Nacho Slices,191 mL,"$2.69
 ea.",,$1.41 /100ml,,,https://product-images.metro.ca/images/hbd/h0e/9685031419934.jpg,https://www.metro.ca/en/online-grocery/search-page-482
AKI SUSHI,Shrimp Tempura,"3 pieces, 72 g","$5.99
 ea.",,$8.32 /100g,,,https://product-images.metro.ca/images/h19/hc9/11195896954910.jpg,https://www.metro.ca/en/online-grocery/search-page-482
METROGO!,Pineapple And Strawberry Parfait,,"$6.99
 ea.",,$2.33 /100g,,,https://product-images.metro.ca/images/h9b/hf4/8837063409694.jpg,https://www.metro.ca/en/online-grocery/search-page-482
SNOWDON BAKERY,Sliced Austrian Bread,625 g,"$7.79
 ea.",,$1.25 /100g,,,https://product-images.metro.ca/images/h35/h69/8861339254814.jpg,https://www.metro.ca/en/online-grocery/search-page-482
CLUB HOUSE,Dill Weed,50 g,"$9.49
 ea.",,$18.98 /100g,,,https://product-images.metro.ca/images/h3b/he7/10109083254814.jpg,https://www.metro.ca/en/online-grocery/search-page-482
MR & MRS T,Piña Colada Mix,1 L,"$5.49
 ea.",,$0.55 /100ml,,,https://product-images.metro.ca/images/hdd/h98/9985447854110.jpg,https://www.metro.ca/en/online-grocery/search-page-482
ST. IVES,Vitamin E And Avocado Body Lotion,600 mL,"$6.99
 ea.",,$1.17 /100ml,,,https://product-images.metro.ca/images/hc7/hef/9529600868382.jpg,https://www.metro.ca/en/online-grocery/search-page-482
BRÛLERIES FARO,Forte Classic Espresso Coffee Beans,908 g,"$19.99
 ea.",,$2.20 /100g,,,https://product-images.metro.ca/images/h20/h6f/8960989986846.jpg,https://www.metro.ca/en/online-grocery/search-page-482
LAURA SECORD,Chocolate And Dulce De Leche Caramel Cake,485 g,"$19.99
 ea.",,$4.12 /100g,,,https://product-images.metro.ca/images/h69/he5/10183969407006.jpg,https://www.metro.ca/en/online-grocery/search-page-482
DION,Ground Mustard Seeds,29 g,"$2.69
 ea.",,$9.28 /100g,,,https://product-images.metro.ca/images/h1c/h69/10278123700254.jpg,https://www.metro.ca/en/online-grocery/search-page-482
ENFAMIL,Milk-Based Iron Fortified Infant Formula Powder For ...,663 g,"$46.99
 ea.",,$7.09 /100g,,,,https://www.metro.ca/en/online-grocery/search-page-482
,Rib End Pork Loin Roast,,"$13.99
 avg. ea.","(1,200 g avg.)",$11.66 /kg$5.29 /lb.,,,https://product-images.metro.ca/images/hc0/h94/9233902272542.jpg,https://www.metro.ca/en/online-grocery/search-page-482
MRS CRIMBLE'S,Large Coconut And Chocolate Macaroons,220 g,"$5.29
 ea.",,$2.40 /100g,"Regular price
$6.29  ea.","Valid until Jan 24, 2024",https://product-images.metro.ca/images/h5b/hce/11642918993950.jpg,https://www.metro.ca/en/online-grocery/search-page-482
U BY KOTEX,Unscented Long Lenght Super Maxi Pads For Heavy Flow...,22 un,"$5.29
 ea.",,$0.24 /un.,,,,https://www.metro.ca/en/online-grocery/search-page-482
,Organic Raspberries,170 g,"$5.99
 ea.",,$3.52 /100g,,,https://product-images.metro.ca/images/ha0/h26/10390723821598.jpg,https://www.metro.ca/en/online-grocery/search-page-482
ARM & HAMMER,"Easy Clean-Up Clumping Litter, Slide",6.4 kg,"$18.99
 ea.",,$0.30 /100g,,,,https://www.metro.ca/en/online-grocery/search-page-482
LISTERINE,"Clean Mint Antiseptic Mouthwash, Total Care",1 L,"$10.49
 ea.",,$1.05 /100L,,,,https://www.metro.ca/en/online-grocery/search-page-483
FANCY FEAST,"Chicken And Shredded Beef Wet Cat Food Complement, H...",57 g,"4 / 
$6.00",,$2.63 /100g,"Regular price
$1.99  ea.","Valid until Jan 24, 2024",,https://www.metro.ca/en/online-grocery/search-page-483
STARBUCKS,Original Verona Dark Roast K-Cup® Coffee Pods,24 un,"$19.99
 ea.",,$0.83 /un.,"Regular price
$25.49  ea.","Valid until Feb 7, 2024",https://product-images.metro.ca/images/hce/h6c/12266515628062.jpg,https://www.metro.ca/en/online-grocery/search-page-483
NATURE'S PATH,"Chia, Buckwheat And Hemp Cereal, Qi'A",225 g,"$10.49
 ea.",,$4.66 /100g,,,,https://www.metro.ca/en/online-grocery/search-page-483
GUSTA,"Vegan Cheese, Original",227 g,"$4.99
 ea.",,$2.20 /100g,,,,https://www.metro.ca/en/online-grocery/search-page-483
LITEHOUSE,Romano Caesar Dressing,384 mL,"$5.99
 ea.",,$1.56 /100ml,,,https://product-images.metro.ca/images/h72/h05/11333031460894.jpg,https://www.metro.ca/en/online-grocery/search-page-483
OLD SPICE,"3-In-1 Conditioning Hair And Body Wash, High Endurance",532 mL,"$7.99
 ea.",,$1.50 /100ml,,,,https://www.metro.ca/en/online-grocery/search-page-483
DENTALIFE,"Oral Care Dog Treats For Miniature Dogs, Chews",193 g,"$3.99
 ea.",,$2.07 /100g,"Regular price
$4.99  ea.","Valid until Jan 10, 2024",,https://www.metro.ca/en/online-grocery/search-page-483
COLUSSI,Granturchese Cookies,400 g,"$4.99
 ea.",,$1.25 /100g,,,https://product-images.metro.ca/images/heb/he1/10938865483806.jpg,https://www.metro.ca/en/online-grocery/search-page-483
OGX,Renewing Argan Oil Of Morocco Conditioner,385 mL,"$9.49
 ea.",,$2.46 /100ml,"Regular price
$10.79  ea.","Valid until Feb 7, 2024",https://product-images.metro.ca/images/h02/h94/9514193616926.jpg,https://www.metro.ca/en/online-grocery/search-page-483
METROGO!,"Stuffed Bell Peppers, Value Pack",6 peppers per tray,"$19.37
 avg. ea.","(1,100 g avg.)",$17.61 /kg$7.99 /lb.,"Regular price
$19.82  avg. kg","Valid until Jan 10, 2024",,https://www.metro.ca/en/online-grocery/search-page-483
IRRESISTIBLES,Crystalized Ginger Slices,250 g,"$4.99
 ea.",,$2.00 /100g,,,https://product-images.metro.ca/images/h07/h2a/9060401119262.jpg,https://www.metro.ca/en/online-grocery/search-page-483
VOORTMAN,Oatmeal Cookies With No Sugar Added,225 g,"$3.99
 ea.",,$1.77 /100g,,,https://product-images.metro.ca/images/h6a/h6b/11477843476510.jpg,https://www.metro.ca/en/online-grocery/search-page-483
,Yellow Fleshed Potatoes,10 lb,"$4.99
 ea.",,$0.11 /100g,"Regular price
$6.99  ea.","Valid until Jan 10, 2024",https://product-images.metro.ca/images/h16/h50/11521226113054.jpg,https://www.metro.ca/en/online-grocery/search-page-483
RIVIERA,Lactose Free Cheddar Cheese Aged 1 Year,200 g,"$8.49
 ea.",,$4.25 /100g,"Regular price
$9.49  ea.","Valid until Jan 17, 2024",https://product-images.metro.ca/images/h62/h2a/11461781848094.jpg,https://www.metro.ca/en/online-grocery/search-page-483
CREST,Refreshing Clean Mint Flavoured Alcohol Free Multi-P...,500 mL,"$6.29
 ea.",,$1.26 /100ml,,,,https://www.metro.ca/en/online-grocery/search-page-483
,Organic Coriander In A Pot,1 un,"$6.99
 ea.",,$6.99 /un.,,,https://product-images.metro.ca/images/hc0/h20/9917057138718.jpg,https://www.metro.ca/en/online-grocery/search-page-483
MONSTER,"Ultra Violet Energy Drink, Ultra Violet",473 mL,"2 / 
$5.50",,$0.58 /100ml,"Regular price
$3.99  ea.","Valid until Jan 24, 2024",,https://www.metro.ca/en/online-grocery/search-page-483
LAURA SECORD,3" Black Forest Mousse Cake,85 g,"4 / 
$14.00",,or $4.49 ea. $4.12 /100g,,"Valid until Jan 17, 2024",,https://www.metro.ca/en/online-grocery/search-page-483
THEOBROMA,Organic Dark Chocolate 72% Cocoa,35 g,"$2.29
 ea.",,$6.54 /100g,"Regular price
$2.69  ea.","Valid until Jan 24, 2024",https://product-images.metro.ca/images/h1e/h3d/9836201181214.jpg,https://www.metro.ca/en/online-grocery/search-page-483
MISURA,Organic Yogourt Flavoured Cookies,400 g,"$4.69
 ea.",,$1.17 /100g,"Regular price
$5.49  ea.","Valid until Jan 24, 2024",https://product-images.metro.ca/images/h05/h5a/10938868039710.jpg,https://www.metro.ca/en/online-grocery/search-page-483
MAMA,Chicken Flavoured Instant Noodles,55 g,"$0.79
 ea.",,$1.44 /100g,"Regular price
$0.99  ea.","Valid until Jan 24, 2024",https://product-images.metro.ca/images/h5c/h02/11764002357278.jpg,https://www.metro.ca/en/online-grocery/search-page-483
HAIKU,Sweet Cream Of Coconut,290 mL,"$3.79
 ea.",,$1.31 /100ml,,,https://product-images.metro.ca/images/h13/h55/11307097915422.jpg,https://www.metro.ca/en/online-grocery/search-page-483
PURINA ONE,"Turkey And Venison Dry Dog Food, True Instinct",1.72 kg,"$11.99
 ea.",,$0.70 /100g,"Regular price
$12.99  ea.","Valid until Jan 10, 2024",,https://www.metro.ca/en/online-grocery/search-page-483
SELECTION,Salted And Roasted In Shell Pistachios,225 g,"$6.99
 ea.",,$3.11 /100g,,,https://product-images.metro.ca/images/h81/h56/9927652376606.jpg,https://www.metro.ca/en/online-grocery/search-page-483
TORO LOCO,Spanish White Wine,4 L,"$44.99
 ea.",,$1.12 /100ml,,,https://product-images.metro.ca/images/hde/h78/12007221002270.jpg,https://www.metro.ca/en/online-grocery/search-page-483
HENRY'S TEMPEH,Tempeh With Red Pepper,250 g,"$6.99
 ea.",,$2.80 /100g,,,https://product-images.metro.ca/images/he4/hf1/10794085023774.jpg,https://www.metro.ca/en/online-grocery/search-page-483
,Authentic Portuguese Custard Tart,60 g,"$2.19
 ea.",,$2.92 /100g,,,https://product-images.metro.ca/images/h54/hc4/8859866791966.jpg,https://www.metro.ca/en/online-grocery/search-page-483
HENRY'S TEMPEH,Tempeh With Basil,250 g,"$6.99
 ea.",,$2.80 /100g,,,https://product-images.metro.ca/images/haf/h29/11428503650334.jpg,https://www.metro.ca/en/online-grocery/search-page-483
LAURA SECORD,2.75" Raspberry And Chocolate Mousse Cake,85 g,"4 / 
$14.00",,or $4.49 ea. $4.12 /100g,,"Valid until Jan 17, 2024",,https://www.metro.ca/en/online-grocery/search-page-483
M'LORD,Grilled Artichoke Hearts,250 mL,"$4.49
 ea.",,$1.80 /100ml,"Regular price
$5.49  ea.","Valid until Jan 24, 2024",https://product-images.metro.ca/images/h49/h6b/11307108368414.jpg,https://www.metro.ca/en/online-grocery/search-page-484
DOVE,"Unscented Antiperspirant Stick, Go Sleeveless",45 g,"$6.49
 ea.",,$14.42 /100g,,,,https://www.metro.ca/en/online-grocery/search-page-484
MAMA,Shrimp Flavoured Instant Noodles,60 g,"$0.79
 ea.",,$1.32 /100g,"Regular price
$0.99  ea.","Valid until Jan 24, 2024",https://product-images.metro.ca/images/h97/hfa/9999341486110.jpg,https://www.metro.ca/en/online-grocery/search-page-484
DOVE,"Cool Moisture® Conditioner, Nutritive Solutions",355 mL,"$6.99
 ea.",,$1.97 /100ml,,,,https://www.metro.ca/en/online-grocery/search-page-484
COLGATE,Peppermint Blast Flavoured Alcohol Free Antiseptic M...,1 L,"$8.99
 ea.",,$0.90 /100ml,,,,https://www.metro.ca/en/online-grocery/search-page-484
IRRESISTIBLES,Fresh Savory,10 g,"$2.99
 ea.",,$14.24 /100g,,,https://product-images.metro.ca/images/h57/hc3/8959523455006.jpg,https://www.metro.ca/en/online-grocery/search-page-484
IRRESISTIBLES,Hot Chocolate K-Cup Pods,12 un,"$6.99
 ea.",,$0.58 /un.,"Regular price
$8.49  ea.","Valid until Jan 10, 2024",https://product-images.metro.ca/images/hd0/h78/11521303478302.jpg,https://www.metro.ca/en/online-grocery/search-page-484
DOVE,Aqua Impact® Fortifying Shampoo With Caffeine And Oc...,355 mL,"$6.99
 ea.",,$1.97 /100ml,,,,https://www.metro.ca/en/online-grocery/search-page-484
ROYAL NUTS,Organic Dried Cranberries,185 g,"$6.99
 ea.",,$3.78 /100g,,,https://product-images.metro.ca/images/h88/h0a/11849416933406.jpg,https://www.metro.ca/en/online-grocery/search-page-484
DARE,"Ketchup Flavoured Cracker Chips, Veggie Crisps",100 g,"$4.19
 ea.",,$4.19 /100g,,,,https://www.metro.ca/en/online-grocery/search-page-484
LONEY'S,Bar-B-Q Gravy Mix,400 g,"$6.99
 ea.",,$1.75 /100g,"Regular price
$7.99  ea.","Valid until Jan 24, 2024",https://product-images.metro.ca/images/h71/ha2/11892962263070.jpg,https://www.metro.ca/en/online-grocery/search-page-484
GURU,Lite Energy Drink,355 mL,"$3.49
 ea.",,$0.98 /100ml,,,https://product-images.metro.ca/images/h39/h4e/9554153570334.jpg,https://www.metro.ca/en/online-grocery/search-page-484
ENVIROKIDZ,Peanut Butter And Chocolate Leapin' Lemurs™ Cereal,284 g,"$5.49
 ea.",,$1.93 /100g,"Regular price
$6.29  ea.","Valid until Feb 7, 2024",https://product-images.metro.ca/images/h35/hb3/11022102265886.jpg,https://www.metro.ca/en/online-grocery/search-page-484
METROGO!,Vanilla Greek Yogurt With Berries And Granola,275 g,"$5.49
 ea.",,$1.69 /100g,,,https://product-images.metro.ca/images/h2a/hf8/11931020066846.jpg,https://www.metro.ca/en/online-grocery/search-page-484
CEDAR,Semolina #2,907 g,"$2.99
 ea.",,$0.33 /100g,,,https://product-images.metro.ca/images/h31/h37/11590620839966.jpg,https://www.metro.ca/en/online-grocery/search-page-484
RED BULL,"Energy Drink, Tropical",250 mL,"2 / 
$5.50",,$2.75 /un.,"Regular price
$3.49  ea.","Valid until Jan 24, 2024",https://product-images.metro.ca/images/h22/hbe/11481656066078.jpg,https://www.metro.ca/en/online-grocery/search-page-484
TAMPAX,Regular Tampons With Cardboard Applicator,20 un,"$5.49
 ea.",,$0.27 /un.,,,https://product-images.metro.ca/images/h85/hfe/11540989837342.jpg,https://www.metro.ca/en/online-grocery/search-page-484
SENSODYNE,Clean Mint Multi-Action Toothpaste For Sensitive Teeth,100 mL,"$5.99
 ea.",,$5.99 /100ml,,,https://product-images.metro.ca/images/hcf/h34/11540978925598.jpg,https://www.metro.ca/en/online-grocery/search-page-484
FRISKIES,"Chicken Flavoured Cat Treats, Party Mix",170 g,"2 / 
$5.50",,$1.62 /100g,"Regular price
$3.99  ea.","Valid until Jan 24, 2024",,https://www.metro.ca/en/online-grocery/search-page-484
SAN PERRIO,Blood Orange Sparkling Lemonade,750 mL,"$4.99
 ea.",,$0.67 /100ml,,,https://product-images.metro.ca/images/h5e/h78/9751021846558.jpg,https://www.metro.ca/en/online-grocery/search-page-484
SS-FRUTAS IMPORTS,Salted Banana Plantain Crunchy Crisps,165 g,"$3.99
 ea.",,$2.42 /100g,,,https://product-images.metro.ca/images/hb5/h26/9685034631198.jpg,https://www.metro.ca/en/online-grocery/search-page-484
MOLSON,"Ale Beer, Export",710 mL - can,"2 / 
$9.00",,or $5.29 ea. $0.63 /100ml,,"Valid until Feb 7, 2024",,https://www.metro.ca/en/online-grocery/search-page-484
JURA FLORE,12 Months Aged Comté Cheese,200 g,"$11.99
 ea.",,$6.00 /100g,"Regular price
$13.49  ea.","Valid until Jan 17, 2024",https://product-images.metro.ca/images/h83/hcc/9533300015134.jpg,https://www.metro.ca/en/online-grocery/search-page-484
GERBER,"Sweet Potato Flavoured Wholegrain, Rice And Apple B...",42 g,"$4.99
 ea.",,$11.88 /100g,,,,https://www.metro.ca/en/online-grocery/search-page-484
BONNE MAMAN,Chestnut Spread,250 mL,"$7.49
 ea.",,$7.49 /un.,,,https://product-images.metro.ca/images/had/hf5/9529934938142.jpg,https://www.metro.ca/en/online-grocery/search-page-484
JAMIESON,"Omega-3, Select",200 un,"$26.99
 ea.",,$0.13 /un.,,,,https://www.metro.ca/en/online-grocery/search-page-484
DOVE,Original Invisible Solid Antiperspirant,74 g,"$7.99
 ea.",,$10.80 /100g,,,https://product-images.metro.ca/images/hf4/hf0/11570769068062.jpg,https://www.metro.ca/en/online-grocery/search-page-484
IRRESISTIBLES,Virgin Coconut Oil,774 g,"$12.49
 ea.",,$1.61 /100g,"Regular price
$13.49  ea.","Valid until Feb 7, 2024",https://product-images.metro.ca/images/h3d/h1e/10727354040350.jpg,https://www.metro.ca/en/online-grocery/search-page-484
CHARLEVOISIENNE,Apricot And Apple Mistelle Terrine,125 g,"$4.99
 ea.",,$3.99 /100g,,,https://product-images.metro.ca/images/h05/hd7/11449566101534.jpg,https://www.metro.ca/en/online-grocery/search-page-484
FROMAGERIE FRITZ KAISER,Light St-Paulin Cheese,1 piece,"$8.23
 avg. ea.",(250 g avg.),$32.90 /kg$14.92 /lb.,"Regular price
$37.90  avg. kg","Valid until Jan 17, 2024",https://product-images.metro.ca/images/h9e/hcd/9005297598494.jpg,https://www.metro.ca/en/online-grocery/search-page-484
LA JARDINIÈRE,Bruschetta Seasoning,180 g,"$5.99
 ea.",,$3.33 /100g,,,https://product-images.metro.ca/images/hbe/h3f/8831336775710.jpg,https://www.metro.ca/en/online-grocery/search-page-485
CHAMPIGNONS SAUVAGES,Dried Mushroom Forester'S Mix,14 g,"$5.99
 ea.",,$42.79 /100g,,,https://www.metro.ca/images/shared/placeholders/icon-no-picture.svg?v=2023.71.1.d1,https://www.metro.ca/en/online-grocery/search-page-485
ALPO,Adult Dry Dog Food,7.2 kg,"$18.99
 ea.",,$0.26 /100g,"Regular price
$21.49  ea.","Valid until Jan 24, 2024",https://product-images.metro.ca/images/he6/h10/11492931600414.jpg,https://www.metro.ca/en/online-grocery/search-page-485
SARTORI,Espresso Bellavitano Cheese,150 g,"$11.49
 ea.",,$7.66 /100g,,,https://product-images.metro.ca/images/h97/h41/10433082851358.jpg,https://www.metro.ca/en/online-grocery/search-page-485
SAN-J,Reduced Sodium Organic Tamari Sauce,296 mL,"$6.99
 ea.",,$2.36 /100ml,"Regular price
$8.99  ea.","Valid until Jan 10, 2024",https://product-images.metro.ca/images/h5c/hd0/11816848424990.jpg,https://www.metro.ca/en/online-grocery/search-page-485
AXE,Dark Temptation® Invisible Solid Antiperspirant,76 g,"$6.99
 ea.",,$9.20 /100g,,,https://product-images.metro.ca/images/h43/h01/11570790957086.jpg,https://www.metro.ca/en/online-grocery/search-page-485
GERBER,"Arrowroot Baby Biscuits, 10+ Months",155 g,"$4.99
 ea.",,$3.22 /100g,,,,https://www.metro.ca/en/online-grocery/search-page-485
PABST BLUE RIBBON,Strong Lager Beer,710 mL - can,"2 / 
$7.00",,$0.49 /100ml,"Regular price
$3.79  ea.","Valid until Feb 7, 2024",https://product-images.metro.ca/images/hfc/hc8/10161394745374.jpg,https://www.metro.ca/en/online-grocery/search-page-485
HEINZ,Oatmeal Cereal For Beginners,227 g,"$5.29
 ea.",,$2.33 /100g,,,https://product-images.metro.ca/images/hcc/hec/9986721021982.jpg,https://www.metro.ca/en/online-grocery/search-page-485
FEBREZE,"Linen & Sky™ Scented Air Freshener Vent Clip, Car",1 un,"$4.99
 ea.",,$4.99 /un.,,,,https://www.metro.ca/en/online-grocery/search-page-485
IRRESISTIBLES,Golden Raisins,400 g,"$3.99
 ea.",,$1.00 /100g,"Regular price
$4.99  ea.","Valid until Jan 10, 2024",https://product-images.metro.ca/images/hc7/h45/9051564867614.jpg,https://www.metro.ca/en/online-grocery/search-page-485
CEDAR,Navy Beans,540 mL,"$1.99
 ea.",,$0.37 /100ml,"Regular price
$2.79  ea.","Valid until Jan 24, 2024",https://product-images.metro.ca/images/h8c/h22/9719607164958.jpg,https://www.metro.ca/en/online-grocery/search-page-485
IRRESISTIBLES,Ground Cayenne Pepper,57 g,"$2.99
 ea.",,$5.25 /100g,,,https://product-images.metro.ca/images/h00/h95/12122173472798.jpg,https://www.metro.ca/en/online-grocery/search-page-485
VILEDA,Plunger,1 un,"$10.99
 ea.",,$10.99 /un.,,,https://product-images.metro.ca/images/h6f/h43/9529619316766.jpg,https://www.metro.ca/en/online-grocery/search-page-485
INCOGNITO,Ultra Thin Mini Pads With Comfort Tabs,24 un,"$5.29
 ea.",,$0.22 /un.,,,https://product-images.metro.ca/images/h2c/hc5/9258176217118.jpg,https://www.metro.ca/en/online-grocery/search-page-485
CHARLOTTE'S,Black Forest Cake,1.2 kg,"$23.99
 ea.",,$2.00 /100g,,,https://product-images.metro.ca/images/hf9/h33/11253203304478.jpg,https://www.metro.ca/en/online-grocery/search-page-485
SELECTION,Pressed Bones For Dogs,2 un,"$6.29
 ea.",,$3.15 /un.,,,https://product-images.metro.ca/images/hc7/h5e/8982873210910.jpg,https://www.metro.ca/en/online-grocery/search-page-485
POLIDENT,Triple Mint Fresh Flavoured Overnight Denture Cleani...,40 un,"$6.29
 ea.",,$0.16 /un.,,,,https://www.metro.ca/en/online-grocery/search-page-485
RIVIERA,Unsalted Cultured Butter In A Small Jar,125 g,"$5.29
 ea.",,$4.23 /100g,"Regular price
$5.99  ea.","Valid until Feb 14, 2024",https://product-images.metro.ca/images/hc8/h9a/11570816221214.jpg,https://www.metro.ca/en/online-grocery/search-page-485
CESAR,Pork Tenderloin And Top Sirloin Flavoured Entrées Fo...,12x100 g,"$17.99
 ea.",,$1.50 /100g,"Regular price
$20.99  ea.","Valid until Jan 10, 2024",,https://www.metro.ca/en/online-grocery/search-page-485
SAN PERRIO,Italian Lemon Sparkling Lemonade,750 mL,"$4.99
 ea.",,$0.67 /100ml,,,https://product-images.metro.ca/images/h9e/hd4/9751020339230.jpg,https://www.metro.ca/en/online-grocery/search-page-485
SAULAR,Heavy Duty Litter Box Liners,5 un,"$4.49
 ea.",,$0.90 /un.,,,https://product-images.metro.ca/images/h80/he1/8807310786590.jpg,https://www.metro.ca/en/online-grocery/search-page-485
CYRCHES,Chicken Dehydrated Bouillon,150 g,"$4.19
 ea.",,$2.79 /100g,,,https://product-images.metro.ca/images/h5b/h2c/10170571194398.jpg,https://www.metro.ca/en/online-grocery/search-page-485
M'LORD,Pitted Bing Cherries In Syrup,398 mL,"$5.49
 ea.",,$1.38 /100ml,"Regular price
$6.49  ea.","Valid until Feb 7, 2024",https://product-images.metro.ca/images/h45/h54/12263400341534.jpg,https://www.metro.ca/en/online-grocery/search-page-485
PEDIGREE,"Original Flavoured Oral Care Treats For Small Dogs, ...",237 g,"$6.29
 ea.",,$2.65 /100g,,,,https://www.metro.ca/en/online-grocery/search-page-485
IRRESISTIBLES,"Dried Fruit And Nut Mix, Tropical",700 g,"$9.99
 ea.",,$1.43 /100g,,,,https://www.metro.ca/en/online-grocery/search-page-485
AKI SUSHI,Panko Bread Crumbs,320 g,"$5.99
 ea.",,$4.28 /100g,,,https://product-images.metro.ca/images/h78/h46/9438013849630.jpg,https://www.metro.ca/en/online-grocery/search-page-485
LITEHOUSE,Freeze-Dried Red Onions,17.5 g,"$5.99
 ea.",,$34.23 /100g,"Regular price
$6.99  ea.","Valid until Jan 10, 2024",https://product-images.metro.ca/images/haa/h38/11292700311582.jpg,https://www.metro.ca/en/online-grocery/search-page-485
SCHÄR,Lactose Free Crakers,210 g,"$7.99
 ea.",,$3.80 /100g,"Regular price
$9.49  ea.","Valid until Jan 24, 2024",https://product-images.metro.ca/images/h20/h40/10841490096158.jpg,https://www.metro.ca/en/online-grocery/search-page-485
,Cremini Mushrooms,227 g,"$2.99
 ea.",,$1.32 /100g,,,https://product-images.metro.ca/images/h61/hbd/8889347833886.jpg,https://www.metro.ca/en/online-grocery/search-page-485
SELECTION,Express BBQ Sauce Mix,3 un,"$1.99
 ea.",,$0.66 /un.,,,https://product-images.metro.ca/images/hec/hef/11205008752670.jpg,https://www.metro.ca/en/online-grocery/search-page-486
LA CHAUDIÈRE,Tiguidou! Medium Cheddar Cheese,340 g,"$8.99
 ea.",,$2.64 /100g,"Regular price
$9.79  ea.","Valid until Feb 14, 2024",https://product-images.metro.ca/images/hf1/he0/11574107537438.jpg,https://www.metro.ca/en/online-grocery/search-page-486
METROGO!,Squid Salad,,"$7.09
 avg. ea.",(230 g avg.),$30.84 /kg$13.99 /lb.,,,https://product-images.metro.ca/images/h5e/h42/8900511989790.jpg,https://www.metro.ca/en/online-grocery/search-page-486
GOOD COOK,Black Stainless Steel Peeler,1 un,"$3.49
 ea.",,$3.49 /un.,,,https://product-images.metro.ca/images/h26/hb6/9217453916190.jpg,https://www.metro.ca/en/online-grocery/search-page-486
SELECTION,All-Purpose Flour,10 kg,"$11.99
 ea.",,$0.12 /100g,,,https://product-images.metro.ca/images/hd5/he5/9434382499870.jpg,https://www.metro.ca/en/online-grocery/search-page-486
DION,Creton Spice Mix,50 g,"$3.39
 ea.",,$6.78 /100g,,,https://product-images.metro.ca/images/h86/hc3/10319480684574.jpg,https://www.metro.ca/en/online-grocery/search-page-486
VILEDA,SuperMop Refill,1 un,"$8.79
 ea.",,$8.79 /un.,,,https://product-images.metro.ca/images/heb/hcd/11511517184030.jpg,https://www.metro.ca/en/online-grocery/search-page-486
GIBIERS CANABEC,Creamy Port Sauce,300 mL,"$6.99
 ea.",,$2.33 /100ml,,,https://product-images.metro.ca/images/h09/h10/9883039957022.jpg,https://www.metro.ca/en/online-grocery/search-page-486
CLIF,Iced Oatmeal Cookie Baked Whole Grain Energy Snack B...,5x36 g,"$5.99
 ea.",,$3.33 /100g,,,,https://www.metro.ca/en/online-grocery/search-page-486
CADBURY,"Mini Hazelnut Milk Chocolate Bars, Dairy Milk",152 g,"$4.49
 ea.",,$2.95 /100g,"Regular price
$5.29  ea.","Valid until Jan 24, 2024",,https://www.metro.ca/en/online-grocery/search-page-486
CLUB HOUSE,Yellow Food Colouring,28 mL,"$2.19
 ea.",,$7.82 /100ml,,,https://product-images.metro.ca/images/h73/h3c/10767248556062.jpg,https://www.metro.ca/en/online-grocery/search-page-486
VILEDA,Scrub Powerfibres Brush,1 un,"$6.99
 ea.",,$6.99 /un.,,,https://product-images.metro.ca/images/hf1/hbc/11511519182878.jpg,https://www.metro.ca/en/online-grocery/search-page-486
NOBLE BEAN,Quinoa And Sesame Tempeh,240 g,"$5.49
 ea.",,$2.29 /100g,,,https://product-images.metro.ca/images/h82/hee/10009374392350.jpg,https://www.metro.ca/en/online-grocery/search-page-486
JOHNVINCE FOODS,Corn Meal,1 kg,"$3.49
 ea.",,$0.35 /100g,,,https://product-images.metro.ca/images/hcb/h67/8895765774366.jpg,https://www.metro.ca/en/online-grocery/search-page-486
CLUB HOUSE,Reduced Salt Sloppy Joe Seasoning Mix,37 g,"4 / 
$5.00",,$3.38 /100g,"Regular price
$1.49  ea.","Valid until Jan 24, 2024",https://product-images.metro.ca/images/h7f/h51/9870791901214.jpg,https://www.metro.ca/en/online-grocery/search-page-486
JAMIESON,"Vitamin B Complex, Ultra Strength",120 un,"$28.99
 ea.",,$0.24 /un.,,,,https://www.metro.ca/en/online-grocery/search-page-486
CANABEC,Frozen Elk For Fondue,200 g,"$17.99
 ea.",,$9.00 /100g,"Regular price
$18.99  ea.","Valid until Jan 17, 2024",https://product-images.metro.ca/images/h14/h9e/9882946797598.jpg,https://www.metro.ca/en/online-grocery/search-page-486
AIR WICK,Mountain Breeze Scented Automatic Spray,180 g,"$11.49
 ea.",,$6.38 /100g,"Regular price
$15.29  ea.","Valid until Feb 7, 2024",https://product-images.metro.ca/images/h54/hc5/12354335047710.jpg,https://www.metro.ca/en/online-grocery/search-page-486
CEDAR,Soup Mix,907 g,"$3.29
 ea.",,$0.36 /100g,,,https://product-images.metro.ca/images/hb5/h1d/8935871709214.jpg,https://www.metro.ca/en/online-grocery/search-page-486
TIM HORTONS,"French Vanilla K-Cup® Coffee Pods, Keurig",12 un,"$12.29
 ea.",,$1.02 /un.,,,,https://www.metro.ca/en/online-grocery/search-page-486
TAMPAX,Unscented Super Absorbency Tampons With Cardboard Ap...,20 un,"$5.49
 ea.",,$0.27 /un.,,,,https://www.metro.ca/en/online-grocery/search-page-486
IRRESISTIBLES,Sweetened Banana Chips,175 g,"$3.49
 ea.",,$1.99 /100g,,,https://product-images.metro.ca/images/he3/h5d/9060352950302.jpg,https://www.metro.ca/en/online-grocery/search-page-486
BRÛLERIE ST-DENIS,Java Sunrise™ Blend Ground Coffee,300 g,"$14.99
 ea.",,$5.00 /100g,,,https://product-images.metro.ca/images/h25/h94/11292705783838.jpg,https://www.metro.ca/en/online-grocery/search-page-486
EL-MA-MIA,Meat Pie Seasoning,115 g,"2 / 
$8.50",,$3.70 /100g,"Regular price
$4.99  ea.","Valid until Feb 7, 2024",https://product-images.metro.ca/images/hfb/hb0/11461766053918.jpg,https://www.metro.ca/en/online-grocery/search-page-486
IRRESISTIBLES,"Frozen Cooked, Peeled And Deveined Pacific White Shrimp",680 g,"$9.97
 ea.",,$1.47 /100g,"Regular price
$16.99  ea.","Valid until Jan 17, 2024",https://product-images.metro.ca/images/h21/h32/10292327776286.jpg,https://www.metro.ca/en/online-grocery/search-page-486
FISH CRISP,Orignal Seasoned Coating Mix,340 g,"$6.49
 ea.",,$1.91 /100g,,,https://product-images.metro.ca/images/h3c/h1c/10053764055070.jpg,https://www.metro.ca/en/online-grocery/search-page-486
BELLINI,Red Apple Vermouth,1 L,"$15.59
 ea.",,$1.56 /100ml,"Regular price
$16.99  ea.","Valid until Feb 7, 2024",https://product-images.metro.ca/images/h92/h7e/11333026709534.jpg,https://www.metro.ca/en/online-grocery/search-page-486
DOVE,"Intensive Repair Conditioner, Nutritive Solutions",355 mL,"$6.99
 ea.",,$1.97 /100ml,,,,https://www.metro.ca/en/online-grocery/search-page-486
COLGATE,"Complete Protection Toothpaste, Pro-Relief",75 mL,"$6.49
 ea.",,$8.65 /100ml,,,,https://www.metro.ca/en/online-grocery/search-page-486
HEIDI,"White Chocolate Bar With Hazelnuts, Grand'Or",100 g,"$3.49
 ea.",,$3.49 /un.,"Regular price
$4.49  ea.","Valid until Jan 24, 2024",,https://www.metro.ca/en/online-grocery/search-page-486
SELECTION,Skinless And Boneless Wild Sockeye Salmon,170 g,"$6.99
 ea.",,$4.11 /100g,,,https://product-images.metro.ca/images/h9a/hdb/9719562240030.jpg,https://www.metro.ca/en/online-grocery/search-page-487
AIR WICK,Lavender & Chamomille Automatic Spray Refill,180 g,"$8.29
 ea.",,$4.61 /100g,,,https://product-images.metro.ca/images/h8b/h9c/9521667309598.jpg,https://www.metro.ca/en/online-grocery/search-page-487
METROGO!,Bacon-Wrapped Coq Au Porc,,"$12.12
 avg. ea.",(500 g avg.),$24.23 /kg$10.99 /lb.,,,https://product-images.metro.ca/images/hc4/h6e/9233854726174.jpg,https://www.metro.ca/en/online-grocery/search-page-487
NIVEA,Extra Nourishing Body Milk With Almond Oil,625 mL,"$10.99
 ea.",,$1.76 /100ml,,,https://product-images.metro.ca/images/h21/h0f/12018703368222.jpg,https://www.metro.ca/en/online-grocery/search-page-487
CEDAR,Sliced Green Olives,250 mL,"$2.99
 ea.",,$1.20 /100ml,,,https://product-images.metro.ca/images/h67/hfb/8889076285470.jpg,https://www.metro.ca/en/online-grocery/search-page-487
STASH,Caffeine Free Wild Raspberry Hibiscus Herbal Tea,20 un,"$6.49
 ea.",,$0.32 /un.,,,https://product-images.metro.ca/images/he9/h6d/12083899334686.jpg,https://www.metro.ca/en/online-grocery/search-page-487
SUNNY D,Smooth Citrus Punch,6x240 mL,"$3.79
 ea.",,$0.26 /100ml,"Regular price
$5.29  ea.","Valid until Jan 24, 2024",https://product-images.metro.ca/images/h39/h7e/11849384067102.jpg,https://www.metro.ca/en/online-grocery/search-page-487
PEDIGREE,"Long Lasting Meaty Chews For Small Dogs, Jumbone",200 g,"$6.29
 ea.",,$3.15 /100g,,,,https://www.metro.ca/en/online-grocery/search-page-487
LACTANTIA,1% Lactose Free Milk,1.5 L,"$5.99
 ea.",,$0.40 /100ml,,,https://product-images.metro.ca/images/hd2/h72/11354282459166.jpg,https://www.metro.ca/en/online-grocery/search-page-487
SWIFFER,"Wood Floor Cleaner Refill, WetJet",1.25 L,"$7.79
 ea.",,$0.62 /100ml,,,,https://www.metro.ca/en/online-grocery/search-page-487
SELECTION,Creamed Honey,1 kg,"$12.49
 ea.",,$1.25 /100g,,,https://product-images.metro.ca/images/h21/hab/9098478288926.jpg,https://www.metro.ca/en/online-grocery/search-page-487
PEDIASURE,Chocolate Flavoured Nutritional Supplement For Child...,4x235 mL,"$14.49
 ea.",,$1.54 /100ml,,,,https://www.metro.ca/en/online-grocery/search-page-487
VAN HOUTTE,"Belgian Chocolate Ground Coffee, Flavoured Collection",340 g,"$9.99
 ea.",,$2.94 /100g,"Regular price
$10.99  ea.","Valid until Feb 7, 2024",,https://www.metro.ca/en/online-grocery/search-page-487
MUTTI,Peeled Tomatoes,796 mL,"$4.99
 ea.",,$0.62 /100g,"Regular price
$6.49  ea.","Valid until Jan 24, 2024",https://product-images.metro.ca/images/h00/h15/11022138605598.jpg,https://www.metro.ca/en/online-grocery/search-page-487
SAULAR,Ultra Absorbent Cat Litter,7 kg,"$10.49
 ea.",,$0.15 /100g,,,https://product-images.metro.ca/images/h93/ha0/11511511547934.jpg,https://www.metro.ca/en/online-grocery/search-page-487
FORTIN,Minestrone Soup Mix,550 g,"$5.99
 ea.",,$1.09 /100g,,,https://product-images.metro.ca/images/h3d/h5a/8935839170590.jpg,https://www.metro.ca/en/online-grocery/search-page-487
OGX,Nourishing Coconut Milk Shampoo,385 mL,"$9.49
 ea.",,$2.47 /100ml,"Regular price
$10.79  ea.","Valid until Feb 7, 2024",https://product-images.metro.ca/images/h6f/h13/9514296475678.jpg,https://www.metro.ca/en/online-grocery/search-page-487
SELECTION,"Chicken, Turkey And Fish Flavoured Dry Cat Food",2 kg,"$6.99
 ea.",,$0.35 /100g,"Regular price
$7.79  ea.","Valid until Jan 24, 2024",https://product-images.metro.ca/images/hea/hfe/11520994410526.jpg,https://www.metro.ca/en/online-grocery/search-page-487
GERBER,"Rice Baby Cereal, Stage 1",227 g,"$5.99
 ea.",,$2.64 /100g,"Regular price
$7.99  ea.","Valid until Feb 7, 2024",,https://www.metro.ca/en/online-grocery/search-page-487
FRISKIES,"7 Flavours Dry Cat Food, 7",2.86 kg,"$12.99
 ea.",,$0.45 /100g,"Regular price
$15.49  ea.","Valid until Jan 24, 2024",,https://www.metro.ca/en/online-grocery/search-page-487
CLUB HOUSE,Pure Orange Extract,43 mL,"$3.99
 ea.",,$9.28 /100ml,,,https://product-images.metro.ca/images/h2d/ha4/10918217482270.jpg,https://www.metro.ca/en/online-grocery/search-page-487
TWININGS,Earl Grey Tea,100 un,"$16.99
 ea.",,$0.17 /un.,,,https://product-images.metro.ca/images/hb8/h62/11665352359966.jpg,https://www.metro.ca/en/online-grocery/search-page-487
M'LORD,Pickled Green Peppercorns,100 mL,"$3.29
 ea.",,$3.29 /100ml,"Regular price
$3.79  ea.","Valid until Jan 24, 2024",https://product-images.metro.ca/images/ha2/h4f/12263425572894.jpg,https://www.metro.ca/en/online-grocery/search-page-487
IRRESISTIBLES,Frozen Lemon Cream Pie,830 g,"$12.99
 ea.",,$1.57 /100g,"Regular price
$14.49  ea.","Valid until Jan 10, 2024",https://product-images.metro.ca/images/h5d/hf7/9527936057374.jpg,https://www.metro.ca/en/online-grocery/search-page-487
DOVE,Cool Essentials® Non Irritant Antiperspirant Dry Spray,107 g,"$8.99
 ea.",,$8.40 /100g,,,https://product-images.metro.ca/images/h9e/h54/11716630708254.jpg,https://www.metro.ca/en/online-grocery/search-page-487
NIVEA,"Extra Moisture Shaving Gel, Men",198 g,"$5.99
 ea.",,$3.03 /100g,,,,https://www.metro.ca/en/online-grocery/search-page-487
SPEED STICK,Ocean Surf Deodorant Stick,70 g,"$3.89
 ea.",,$5.56 /100g,,,https://product-images.metro.ca/images/h8b/h49/12050609438750.jpg,https://www.metro.ca/en/online-grocery/search-page-487
BIOITALIA,No Salt Added Organic Red Kidney Beans,398 mL,"$3.29
 ea.",,$0.83 /100ml,,,https://product-images.metro.ca/images/h0c/h7e/9938129256478.jpg,https://www.metro.ca/en/online-grocery/search-page-487
ST. REGIS,Dealcoholized Quebec Rosé Wine,750 mL,"$9.99
 ea.",,$1.33 /100ml,"Regular price
$11.79  ea.","Valid until Feb 7, 2024",https://product-images.metro.ca/images/hc6/h2c/9514544922654.jpg,https://www.metro.ca/en/online-grocery/search-page-487
PAPILLE,Sundried Tomatoes Dry Sausage,300 g,"$13.99
 ea.",,$4.66 /100g,,,https://product-images.metro.ca/images/h0f/h0b/9529828540446.jpg,https://www.metro.ca/en/online-grocery/search-page-487
AKI SUSHI,Chicken Bangkok Soup,690 g,"$15.99
 ea.",,$2.32 /100g,,,https://product-images.metro.ca/images/h88/h58/11195887321118.jpg,https://www.metro.ca/en/online-grocery/search-page-488
FOUR O'CLOCK,Good Night Herbal Tea Bags,20 un,"$5.99
 ea.",,$0.30 /un.,,,https://product-images.metro.ca/images/h1e/h14/11675999567902.jpg,https://www.metro.ca/en/online-grocery/search-page-488
CARNATION,Instant Skim Milk Powder,500 g,"$9.79
 ea.",,$1.96 /100g,,,https://product-images.metro.ca/images/h89/h6a/10547105988638.jpg,https://www.metro.ca/en/online-grocery/search-page-488
TWININGS,French Vanilla Chai Tea,20 un,"$5.79
 ea.",,$0.29 /un.,,,https://product-images.metro.ca/images/hcd/hec/11675990491166.jpg,https://www.metro.ca/en/online-grocery/search-page-488
SELECTION,Orange Pekoe Tea,216 un,"$7.49
 ea.",,$0.03 /un.,,,https://product-images.metro.ca/images/h98/hbc/11401340551198.jpg,https://www.metro.ca/en/online-grocery/search-page-488
LA CHAUDIÈRE,Rightrou! Mild Swiss Cheese,340 g,"$10.29
 ea.",,$3.03 /100g,,,https://product-images.metro.ca/images/h57/h6e/11205021466654.jpg,https://www.metro.ca/en/online-grocery/search-page-488
CEDAR,Jumbo Lima Beans,907 g,"$8.49
 ea.",,$0.94 /100g,,,https://product-images.metro.ca/images/heb/hc6/8896338526238.jpg,https://www.metro.ca/en/online-grocery/search-page-488
ENERGIZER,"AA Lithium Batteries, Ultimate Lithium",4 un,"$16.99
 ea.",,$4.25 /un.,,,,https://www.metro.ca/en/online-grocery/search-page-488
DION,Fennel Seeds,27 g,"$2.99
 ea.",,$11.07 /100g,"Regular price
$3.19  ea.","Valid until Feb 7, 2024",https://product-images.metro.ca/images/h8d/h5a/9530202423326.jpg,https://www.metro.ca/en/online-grocery/search-page-488
FRISKIES,"Whitefish Cat Treats, Party Mix",170 g,"2 / 
$5.50",,$1.62 /100g,"Regular price
$3.99  ea.","Valid until Jan 24, 2024",,https://www.metro.ca/en/online-grocery/search-page-488
THAI KITCHEN,Peanut Satay Dipping And Cooking Sauce,227 mL,"$9.79
 ea.",,$4.31 /100ml,,,https://product-images.metro.ca/images/h13/hd3/11994729611294.jpg,https://www.metro.ca/en/online-grocery/search-page-488
VILEDA,Bee Mop,1 un,"$30.99
 ea.",,$30.99 /un.,,,https://product-images.metro.ca/images/h00/h81/11937038499870.jpg,https://www.metro.ca/en/online-grocery/search-page-488
PURINA ONE,"Chicken Dry Cat Food, True Instinct",1.45 kg,"$12.99
 ea.",,$0.90 /100g,"Regular price
$14.99  ea.","Valid until Jan 24, 2024",,https://www.metro.ca/en/online-grocery/search-page-488
SAN-J,Teriyaki Stir-Fry And Marinade Sauce,296 mL,"$6.99
 ea.",,$2.36 /100ml,"Regular price
$8.99  ea.","Valid until Jan 10, 2024",https://product-images.metro.ca/images/h8a/hff/11816850128926.jpg,https://www.metro.ca/en/online-grocery/search-page-488
PEACE TEA,Mango Flavoured Green Iced Tea,695 mL,"$1.49
 ea.",,$0.21 /100ml,,,https://product-images.metro.ca/images/h7b/h54/10495787991070.jpg,https://www.metro.ca/en/online-grocery/search-page-488
LOACKER,"Milk Chocolate Cookies, Tortina",63 g,"$4.49
 ea.",,$7.13 /100g,,,,https://www.metro.ca/en/online-grocery/search-page-488
CLUB HOUSE,Organic Curry Powder,40 g,"$2.99
 ea.",,$7.48 /100g,"Regular price
$3.29  ea.","Valid until Feb 7, 2024",https://product-images.metro.ca/images/he3/h87/11412569423902.jpg,https://www.metro.ca/en/online-grocery/search-page-488
CLUB HOUSE,"Parmesan And Herbs Seasoning, Signature Blends",135 g,"$6.49
 ea.",,$4.81 /100g,,,,https://www.metro.ca/en/online-grocery/search-page-488
ROYAL NUTS,Sultana Raisins,350 g,"$5.99
 ea.",,$1.71 /100g,,,https://product-images.metro.ca/images/hb9/h03/11849366470686.jpg,https://www.metro.ca/en/online-grocery/search-page-488
DRANO,Crystals Drain Cleaner,500 g,"$8.99
 ea.",,$1.80 /100g,"Regular price
$9.99  ea.","Valid until Feb 7, 2024",https://product-images.metro.ca/images/h3b/h5a/11461705367582.jpg,https://www.metro.ca/en/online-grocery/search-page-488
SUNRYPE,"Apple Blueberry Pomgranate Fruit Bar, Fruitsource",37 g,"3 / 
$4.00",,$3.60 /100g,,,,https://www.metro.ca/en/online-grocery/search-page-488
BAND-AID,Assorted Flexible Fabric Bandages,80 un,"$8.99
 ea.",,$0.11 /un.,,,https://product-images.metro.ca/images/hf5/h7b/9693759668254.jpg,https://www.metro.ca/en/online-grocery/search-page-488
BORÉALE,"Strong IPA Beer, IPA Du Nord-Est",6x355 mL - cans,"$11.99
 ea.",,$0.56 /100ml,,,,https://www.metro.ca/en/online-grocery/search-page-488
SELECTION,Knotted Bones For Dogs,4 un,"$6.79
 ea.",,$1.70 /un.,,,https://product-images.metro.ca/images/h2c/hdb/8982873145374.jpg,https://www.metro.ca/en/online-grocery/search-page-488
TODAY'S HOUSEWARES,Microwave Egg Poacher,1 un,"$4.29
 ea.",,$4.29 /un.,,,https://product-images.metro.ca/images/h1d/h98/8940807421982.jpg,https://www.metro.ca/en/online-grocery/search-page-488
SELECTION,"Instant Long Grain White Rice, Express",1.4 kg,"$8.29
 ea.",,$0.59 /100g,,,,https://www.metro.ca/en/online-grocery/search-page-488
DION,Ground Coriander Seeds,25 g,"$2.49
 ea.",,$9.96 /100g,"Regular price
$2.99  ea.","Valid until Feb 7, 2024",https://product-images.metro.ca/images/hc5/h16/10239155765278.jpg,https://www.metro.ca/en/online-grocery/search-page-488
METROGO!,"4-Cut Vegetable Platter With Spinach Dip, Value Pack",875 g,"$15.99
 ea.",,$2.00 /100g,,,,https://www.metro.ca/en/online-grocery/search-page-488
STASH,Caffeine Free Licorice Spice Herbal Tea,20 un,"$6.49
 ea.",,$0.32 /un.,,,https://product-images.metro.ca/images/h95/h5f/12083901235230.jpg,https://www.metro.ca/en/online-grocery/search-page-488
U BY KOTEX,"Individually Wrapped Thin Liners, Barely There",50 un,"$6.29
 ea.",,$0.13 /un.,,,,https://www.metro.ca/en/online-grocery/search-page-488
FEVER-TREE,Premium Tonic Water,500 mL,"$3.79
 ea.",,$0.76 /100ml,"Regular price
$4.79  ea.","Valid until Jan 24, 2024",https://product-images.metro.ca/images/hf8/hfa/11126262923294.jpg,https://www.metro.ca/en/online-grocery/search-page-489
ENFAMIL,Iron Fortified Powder Infant Formula Refills For Bab...,2x496 g,"$66.99
 ea.",,$6.75 /100g,,,,https://www.metro.ca/en/online-grocery/search-page-489
HEINZ,"Barley Cereal For Babies, Stage 1 Beginner",227 g,"$5.29
 ea.",,$2.33 /100g,,,,https://www.metro.ca/en/online-grocery/search-page-489
GLADE,Vanilla Cupcake Scented Candle,1 un,"$12.29
 ea.",,$12.29 /un.,,,https://product-images.metro.ca/images/h0c/h5b/9521701912606.jpg,https://www.metro.ca/en/online-grocery/search-page-489
COORS,"Non-Alcoholic Lager Beer, Edge",6x355 mL - cans,"$12.99
 ea.",,$0.61 /100ml,,,,https://www.metro.ca/en/online-grocery/search-page-489
FINESSE,Extra Body Shampoo With Keratin Protein,300 mL,"$3.29
 ea.",,$1.10 /100ml,"Regular price
$4.99  ea.","Valid until Feb 7, 2024",https://product-images.metro.ca/images/h0f/h46/11892968259614.jpg,https://www.metro.ca/en/online-grocery/search-page-489
BABY GOURMET,Organic Chicken Minestrone Soup Pouch For Babies 8+ ...,128 mL,"$3.49
 ea.",,$2.73 /100ml,,,,https://www.metro.ca/en/online-grocery/search-page-489
CEDAR,Patna Long Grain Rice,8 kg,"$16.49
 ea.",,$0.21 /100g,"Regular price
$17.99  ea.","Valid until Jan 24, 2024",https://product-images.metro.ca/images/h51/h4b/8854525149214.jpg,https://www.metro.ca/en/online-grocery/search-page-489
CEDAR,Roasted Red Peppers,500 mL,"$5.79
 ea.",,$1.16 /100ml,,,https://product-images.metro.ca/images/hff/h6f/11590621134878.jpg,https://www.metro.ca/en/online-grocery/search-page-489
GERBER,"Rice Banana Baby Cereal, Stage 2",227 g,"$5.99
 ea.",,$2.64 /100g,"Regular price
$7.99  ea.","Valid until Feb 7, 2024",,https://www.metro.ca/en/online-grocery/search-page-489
QUALI DESSERTS,Frozen Pre-Cut Raspberry Mousse Cake,7 in - 575 g,"$19.99
 ea.",,$3.48 /100g,,,https://product-images.metro.ca/images/h7b/h21/8860105801758.jpg,https://www.metro.ca/en/online-grocery/search-page-489
GERBER,"Multigrain, Yogurt, Apple, Pear And Banana Baby Cere...",227 g,"$5.99
 ea.",,$2.64 /100g,"Regular price
$7.99  ea.","Valid until Feb 7, 2024",,https://www.metro.ca/en/online-grocery/search-page-489
SWIFFER,"Extendable Handle Feather Duster Dusting Kit, 360° D...",1 un,"$15.99
 ea.",,$15.99 /un.,,,,https://www.metro.ca/en/online-grocery/search-page-489
METROGO!,Basmati Rice With Chives,,"$3.43
 avg. ea.",(230 g avg.),$14.90 /kg$6.76 /lb.,,,https://product-images.metro.ca/images/h7d/hf8/11926645899294.jpg,https://www.metro.ca/en/online-grocery/search-page-489
LA JARDINIÈRE,Roasted Potato Seasoning,220 g,"$5.99
 ea.",,$2.72 /100g,,,https://product-images.metro.ca/images/h80/h32/9533244538910.jpg,https://www.metro.ca/en/online-grocery/search-page-489
LEE KUM KEE,Pure Sesame Oil,443.6 mL,"$10.49
 ea.",,$0.02 /100ml,,,https://product-images.metro.ca/images/hb3/ha3/9533964451870.jpg,https://www.metro.ca/en/online-grocery/search-page-489
GERBER,"Organic Pear, Banana And Blueberries Baby Puree Pouc...",128 mL,"$2.49
 ea.",,$1.95 /100ml,"Regular price
$2.99  ea.","Valid until Feb 7, 2024",,https://www.metro.ca/en/online-grocery/search-page-489
AURORA,Conchiglie Rigate,450 g,"$2.49
 ea.",,$0.55 /100g,,,https://product-images.metro.ca/images/h31/h65/9522813698078.jpg,https://www.metro.ca/en/online-grocery/search-page-489
,Cut Baby Back Pork Ribs,1 pack,"$12.12
 avg. ea.",(500 g avg.),$24.23 /kg$10.99 /lb.,,,https://product-images.metro.ca/images/h13/h1c/9233904435230.jpg,https://www.metro.ca/en/online-grocery/search-page-489
IRRESISTIBLES,BBQ Flavoured Peanuts,600 g,"$4.99
 ea.",,$0.83 /100g,"Regular price
$5.99  ea.","Valid until Jan 10, 2024",https://product-images.metro.ca/images/hae/hef/9131785224222.jpg,https://www.metro.ca/en/online-grocery/search-page-489
KIND,"Dark Chocolate, Nuts And Sea Salt Granola Bar",40 g,"$1.99
 ea.",,$4.98 /100g,"Regular price
$2.19  ea.","Valid until Feb 7, 2024",https://product-images.metro.ca/images/h0d/hda/11679640354846.jpg,https://www.metro.ca/en/online-grocery/search-page-489
SARDO,"Sundried Tomatoes, Deli Market",250 mL,"$5.29
 ea.",,$2.12 /100ml,,,,https://www.metro.ca/en/online-grocery/search-page-489
TINKYADA,"Brown Rice Spaghetti, Pasta Joy Ready",340 g,"$5.29
 ea.",,$1.56 /100g,,,,https://www.metro.ca/en/online-grocery/search-page-489
CLUB HOUSE,Blue Food Colouring,28 mL,"$2.19
 ea.",,$7.82 /100ml,,,https://product-images.metro.ca/images/h17/h86/10518863740958.jpg,https://www.metro.ca/en/online-grocery/search-page-489
GERBER,"Wheat Biscuit Baby Cereal, Stage 3",227 g,"$5.99
 ea.",,$2.64 /100g,"Regular price
$7.99  ea.","Valid until Feb 7, 2024",,https://www.metro.ca/en/online-grocery/search-page-489
CEDAR,Wild Rice,454 g,"$10.49
 ea.",,$2.31 /100g,,,https://product-images.metro.ca/images/h50/h57/11319954112542.jpg,https://www.metro.ca/en/online-grocery/search-page-489
FLAGRANTS DESIRS,Dark Chocolate 72% Cocoa With Almonds Bar,100 g,"$4.49
 ea.",,$4.49 /100g,,,https://product-images.metro.ca/images/h38/h51/9533164224542.jpg,https://www.metro.ca/en/online-grocery/search-page-489
MOULIN ABÉNAKIS,Flake Yeast,125 g,"$4.79
 ea.",,$3.83 /100g,,,https://product-images.metro.ca/images/h47/h47/12191713361950.jpg,https://www.metro.ca/en/online-grocery/search-page-489
SYSTANE,"High Performance Lubricant Eye Drops, Ultra",10 mL,"$12.49
 ea.",,$124.90 /100ml,,,,https://www.metro.ca/en/online-grocery/search-page-489
STASH,Caffeine Free Cinnamon Apple Chamomile Herbal Tea,20 un,"$6.49
 ea.",,$0.32 /un.,,,https://product-images.metro.ca/images/h32/h28/9530215071774.jpg,https://www.metro.ca/en/online-grocery/search-page-489
YVES VEGGIE CUISINE,Mediterranean Harissa Plant-Based Veggie Sausages,400 g,"$9.99
 ea.",,$2.50 /100g,,,https://product-images.metro.ca/images/h59/h2b/9522801999902.jpg,https://www.metro.ca/en/online-grocery/search-page-490
DOVE,"Sheer Fresh Scent Invisible Antiperspirant Stick, Ad...",45 g,"$6.49
 ea.",,$14.42 /100g,,,,https://www.metro.ca/en/online-grocery/search-page-490
METROGO!,Vegetable Mix For Fajitas,,"$5.99
 ea.",,$1.26 /100g,,,https://product-images.metro.ca/images/hc6/hba/8837323456542.jpg,https://www.metro.ca/en/online-grocery/search-page-490
BABY MUM-MUM,Organic Blueberry And Goji Rice Rusks,50 g,"$2.99
 ea.",,$5.98 /100g,"Regular price
$4.29  ea.","Valid until Feb 7, 2024",https://product-images.metro.ca/images/he4/had/10727353286686.jpg,https://www.metro.ca/en/online-grocery/search-page-490
HEINZ,Mixed Cereal For Babies 6+ Months,227 g,"$5.29
 ea.",,$2.33 /100g,,,https://product-images.metro.ca/images/he4/hdb/9986719154206.jpg,https://www.metro.ca/en/online-grocery/search-page-490
MAYACAMAS,Savoury Herb Gravy Mix,22 g,"$1.59
 ea.",,$8.37 /100g,,,https://product-images.metro.ca/images/h67/hea/9530326188062.jpg,https://www.metro.ca/en/online-grocery/search-page-490
METROGO!,Garlic And Pepper Seasoned Chicken Legs Without Back,2 legs per tray,"$6.61
 avg. ea.",(500 g avg.),$13.21 /kg$5.99 /lb.,,,https://product-images.metro.ca/images/hca/hb8/9231688466462.jpg,https://www.metro.ca/en/online-grocery/search-page-490
BULLES DE NUIT,Sparkling Wine Style Alcoholic Malt Beverage,355 mL,"2 / 
$7.00",,$0.99 /100ml,"Regular price
$4.49  ea.","Valid until Feb 7, 2024",https://product-images.metro.ca/images/ha2/h57/10184058404894.jpg,https://www.metro.ca/en/online-grocery/search-page-490
ARM & HAMMER,"Sport Invisible Solid Antiperspirant, Advance",79 g,"$3.49
 ea.",,$4.42 /100g,,,,https://www.metro.ca/en/online-grocery/search-page-490
AIR WICK,Crisp Breeze™ Scented Oil Refills,3x20 ml,"$15.29
 ea.",,$25.48 /100ml,,,https://product-images.metro.ca/images/h85/hc1/9719684005918.jpg,https://www.metro.ca/en/online-grocery/search-page-490
METROGO!,Vegetable Mix For Asian Stir-Fry,,"$5.99
 ea.",,$1.11 /100g,,,https://product-images.metro.ca/images/h66/h18/8837294882846.jpg,https://www.metro.ca/en/online-grocery/search-page-490
OCEAN SPRAY,Cranberry & Mango Juice,1.77 L,"$6.29
 ea.",,$0.36 /100ml,,,https://product-images.metro.ca/images/hc3/h51/10788982161438.jpg,https://www.metro.ca/en/online-grocery/search-page-490
LA MILANAISE,Organic Whole Wheat Bread Flour,2 kg,"$8.49
 ea.",,$0.42 /100g,,,https://product-images.metro.ca/images/h6b/hb3/9836379308062.jpg,https://www.metro.ca/en/online-grocery/search-page-490
STARBUCKS,"Mocha Flavoured Fortified Coffee Drink, Doubleshot",444 mL,"$3.99
 ea.",,$0.90 /100ml,,,,https://www.metro.ca/en/online-grocery/search-page-490
SECRET,Sensitive Clean Unscented Clear Gel Antiperspirant A...,45 g,"$5.99
 ea.",,$13.31 /100g,,,,https://www.metro.ca/en/online-grocery/search-page-490
NATURAL FRONTIER FOODS,Bison Steak,224 g,"$12.99
 ea.",,$5.80 /100g,,,https://product-images.metro.ca/images/h9e/h3a/11432743370782.jpg,https://www.metro.ca/en/online-grocery/search-page-490
PRANA,"Almond, Goji And Cranberry Annapurna Mix",150 g,"$5.99
 ea.",,$3.99 /100g,"Regular price
$6.49  ea.","Valid until Jan 24, 2024",https://product-images.metro.ca/images/h2f/hb8/10547097174046.jpg,https://www.metro.ca/en/online-grocery/search-page-490
SWISSLI,Dried Fruits And Whole Grain Muesli Cereal,1 kg,"$12.49
 ea.",,$1.25 /100g,"Regular price
$12.99  ea.","Valid until Feb 7, 2024",https://product-images.metro.ca/images/hf0/hbb/11570826543134.jpg,https://www.metro.ca/en/online-grocery/search-page-490
PANDA,Soft Licorice,170 g,"$3.99
 ea.",,$2.35 /100g,,,https://product-images.metro.ca/images/ha8/h5a/10307993665566.jpg,https://www.metro.ca/en/online-grocery/search-page-490
NABOB,Tradition Ground Coffee,930 g,"$19.99
 ea.",,$2.15 /100g,,,https://product-images.metro.ca/images/h60/h51/9986886828062.jpg,https://www.metro.ca/en/online-grocery/search-page-490
CEDAR,Pitted Green Olives,250 mL,"$2.99
 ea.",,$1.20 /100ml,,,https://product-images.metro.ca/images/h0e/h19/9731825991710.jpg,https://www.metro.ca/en/online-grocery/search-page-490
PATAK'S,Vindaloo Cooking Sauce,400 mL,"$6.29
 ea.",,$1.57 /100ml,,,https://product-images.metro.ca/images/h05/h17/9973605040158.jpg,https://www.metro.ca/en/online-grocery/search-page-490
CAT CHOW,"Chicken Dry Food For Adult Indoor Cats, Indoor",3.2 g,"$15.99
 ea.",,$0.50 /100g,"Regular price
$17.49  ea.","Valid until Jan 10, 2024",,https://www.metro.ca/en/online-grocery/search-page-490
SELECTION,Wild Bird Sunflower Seed Mix,1800 g,"$7.99
 ea.",,$0.44 /100g,,,https://product-images.metro.ca/images/h24/h3c/9518314913822.jpg,https://www.metro.ca/en/online-grocery/search-page-490
SARDO,"Calabrese Olives, Deli Market",250 mL,"$5.29
 ea.",,$2.12 /100ml,,,,https://www.metro.ca/en/online-grocery/search-page-490
AVEENO,Fragrance Free Skin Relief Body Lotion,227 mL,"$9.99
 ea.",,$4.50 /100ml,,,https://product-images.metro.ca/images/h33/h4f/12018699796510.jpg,https://www.metro.ca/en/online-grocery/search-page-490
AGROPUR SIGNATURE,"Cheddar Cheese Aged 1 Year, Grand Cheddar",200 g,"$8.00
 ea.",,$4.00 /100g,"Regular price
$9.79  ea.","Valid until Jan 10, 2024",,https://www.metro.ca/en/online-grocery/search-page-490
METROGO!,Salad Quartet,,"$10.99
 ea.",,$1.47 /100g,,,https://product-images.metro.ca/images/h34/h09/9513389490206.jpg,https://www.metro.ca/en/online-grocery/search-page-490
GRIZZLY,Sliced Smoked Rainbow Trout,60 g,"$7.99
 ea.",,$13.32 /100g,,,https://product-images.metro.ca/images/hf0/h89/9024060686366.jpg,https://www.metro.ca/en/online-grocery/search-page-490
CEPACOL,"Honey And Lemon Sore Throat Lozenges, Sensations",16 un,"$4.49
 ea.",,$0.28 /un.,,,,https://www.metro.ca/en/online-grocery/search-page-490
INCOGNITO,Long Ultra Thin Hypoallergenic Pads,16 un,"$5.29
 ea.",,$0.33 /un.,,,https://product-images.metro.ca/images/h1d/hfd/9258221797406.jpg,https://www.metro.ca/en/online-grocery/search-page-491
GARNIER,"Honey Treasures Repairing Shampoo, Whole Blends",370 ml,"$6.49
 ea.",,$1.75 /100ml,,,,https://www.metro.ca/en/online-grocery/search-page-491
LOACKER,"Dark Chocolate Cookies, Tortina",63 g,"$4.49
 ea.",,$7.13 /100g,,,,https://www.metro.ca/en/online-grocery/search-page-491
AXE,"Phoenix® Deodorant Stick, Fresh",85 g,"$6.99
 ea.",,$8.22 /100g,,,,https://www.metro.ca/en/online-grocery/search-page-491
THAI KITCHEN,Original Pad Thai Stir-Fry Sauce,236 mL,"$9.79
 ea.",,$4.15 /100ml,,,https://product-images.metro.ca/images/he7/hec/9546717003806.jpg,https://www.metro.ca/en/online-grocery/search-page-491
IRRESISTIBLES,Chai Black Tea Bags,20 un,"$2.99
 ea.",,$2.99 /un.,"Regular price
$3.79  ea.","Valid until Jan 10, 2024",https://product-images.metro.ca/images/h3e/h70/9041643077662.jpg,https://www.metro.ca/en/online-grocery/search-page-491
OGX,Hydrate & Revive And Revitalize Argan Oil Of Morocco...,385 mL,"$10.99
 ea.",,$2.85 /100ml,"Regular price
$11.99  ea.","Valid until Feb 7, 2024",,https://www.metro.ca/en/online-grocery/search-page-491
SELECTION,Knotted Bones For Dogs,2 un,"$4.49
 ea.",,$2.25 /un.,,,https://product-images.metro.ca/images/h7e/h05/9096903884830.jpg,https://www.metro.ca/en/online-grocery/search-page-491
SELECTION,"Chicken, Turkey And Fish Flavoured Dry Cat Food",4 kg,"$10.99
 ea.",,$0.27 /100g,"Regular price
$11.99  ea.","Valid until Jan 24, 2024",https://product-images.metro.ca/images/h33/h6b/9096909324318.jpg,https://www.metro.ca/en/online-grocery/search-page-491
MARUKAN,Seasoned Gourmet Rice Vinegar,355 mL,"$6.29
 ea.",,$1.77 /100ml,,,https://product-images.metro.ca/images/h79/h12/9087021514782.jpg,https://www.metro.ca/en/online-grocery/search-page-491
KRAZY GLUE,All Purpose Glue,1 un,"$4.19
 ea.",,$4.19 /un.,,,https://product-images.metro.ca/images/h5d/h42/12050772951070.jpg,https://www.metro.ca/en/online-grocery/search-page-491
CEDAR,Brown Basmati Natural Rice,907 g,"$4.29
 ea.",,$0.47 /100g,"Regular price
$6.49  ea.","Valid until Jan 24, 2024",https://product-images.metro.ca/images/h29/h5e/8896321880094.jpg,https://www.metro.ca/en/online-grocery/search-page-491
SUMMER FRESH,Caramelized Onion Hummus,255 g,"$4.49
 ea.",,$1.76 /100g,"Regular price
$6.29  ea.","Valid until Jan 17, 2024",https://product-images.metro.ca/images/hc7/ha9/10715209433118.jpg,https://www.metro.ca/en/online-grocery/search-page-491
IRRESISTIBLES,Dried Savory,23 g,"$2.99
 ea.",,$9.65 /100g,,,https://product-images.metro.ca/images/ha3/h30/9001184821278.jpg,https://www.metro.ca/en/online-grocery/search-page-491
BENEFUL,"Beef Stew Wet Dog Food, Prepared Meals",283 g,"2 / 
$6.00",,$1.06 /100g,"Regular price
$3.99  ea.","Valid until Jan 24, 2024",,https://www.metro.ca/en/online-grocery/search-page-491
NESTLÉ,"Real Peppermint Flavoured Chocolate Bars, Aero",4x41 g,"$5.99
 ea.",,$3.65 /100g,,,,https://www.metro.ca/en/online-grocery/search-page-491
BIOITALIA,Organic Blackcurrant & Apple Puree,120 g,"$1.79
 ea.",,$1.49 /100g,"Regular price
$2.19  ea.","Valid until Feb 7, 2024",https://product-images.metro.ca/images/hed/h8e/9836430426142.jpg,https://www.metro.ca/en/online-grocery/search-page-491
IRRESISTIBLES,Whole Roasted Cashew Nuts With No Salt Added,908 g,"$20.99
 ea.",,$2.31 /100g,"Regular price
$25.99  ea.","Valid until Jan 17, 2024",https://product-images.metro.ca/images/hcb/h42/9131791253534.jpg,https://www.metro.ca/en/online-grocery/search-page-491
PEDIGREE,Breath Buster™ Snack Food For Medium And Large Dogs,500 g,"$6.29
 ea.",,$1.26 /100g,,,https://product-images.metro.ca/images/h08/hf0/9514414571550.jpg,https://www.metro.ca/en/online-grocery/search-page-491
PATAK'S,Korma Cooking Sauce,400 mL,"$6.29
 ea.",,$1.57 /100ml,,,https://product-images.metro.ca/images/h9a/ha2/9895968604190.jpg,https://www.metro.ca/en/online-grocery/search-page-491
MONSTER,Ultra Sunrise™ Energy Drink,473 mL,"2 / 
$5.50",,$0.58 /100ml,"Regular price
$3.99  ea.","Valid until Jan 24, 2024",https://product-images.metro.ca/images/h1e/h2e/10905660031006.jpg,https://www.metro.ca/en/online-grocery/search-page-491
BLUE DRAGON,Thai Green Curry Paste,270 mL,"$4.99
 ea.",,$1.85 /100ml,"Regular price
$6.29  ea.","Valid until Jan 24, 2024",https://product-images.metro.ca/images/h8b/hc2/9529958072350.jpg,https://www.metro.ca/en/online-grocery/search-page-491
TRADITION,"Prune Nectar, Health Vision",950 mL,"$5.49
 ea.",,$0.58 /100ml,"Regular price
$5.99  ea.","Valid until Jan 17, 2024",,https://www.metro.ca/en/online-grocery/search-page-491
IRRESISTIBLES,Wild Mix With No Salt Added,550 g,"$7.99
 ea.",,$1.45 /100g,"Regular price
$8.99  ea.","Valid until Jan 10, 2024",https://product-images.metro.ca/images/h50/hbc/9131789418526.jpg,https://www.metro.ca/en/online-grocery/search-page-491
NESTLÉ,Rolo® Flavoured Dessert Cones,4x135 mL,"$5.99
 ea.",,$1.11 /100ml,"Regular price
$8.79  ea.","Valid until Jan 24, 2024",https://product-images.metro.ca/images/hd2/h76/10118674219038.jpg,https://www.metro.ca/en/online-grocery/search-page-491
FORTIN,Old Country Soup Mix,450 g,"$2.79
 ea.",,$0.62 /100g,,,https://product-images.metro.ca/images/h52/h92/8935939080222.jpg,https://www.metro.ca/en/online-grocery/search-page-491
BETTY CROCKER,Gluten Free Golden Cake Mix,425 g,"$7.49
 ea.",,$1.76 /100g,,,https://product-images.metro.ca/images/h8d/hbe/9883006631966.jpg,https://www.metro.ca/en/online-grocery/search-page-491
HIGH LINER,Frozen Boned Haddock Fillets,400 g,"$12.99
 ea.",,$3.25 /100g,,,https://product-images.metro.ca/images/h04/haa/9522082840606.jpg,https://www.metro.ca/en/online-grocery/search-page-491
HUGGIES,"Unscented Baby Wipe Refills For Sensitive Skin, Natu...",184 un,"$11.49
 ea.",,$0.06 /un.,,,,https://www.metro.ca/en/online-grocery/search-page-491
PRANA,Machu Pichu Exotic Fruit And Nut Mix,150 g,"$5.99
 ea.",,$3.99 /100g,"Regular price
$6.79  ea.","Valid until Jan 24, 2024",https://product-images.metro.ca/images/heb/hd6/11068788736030.jpg,https://www.metro.ca/en/online-grocery/search-page-491
NUTS TO YOU NUT BUTTER,Organic Smooth Pumpkin Seed Butter,250 g,"$7.79
 ea.",,$3.12 /100g,,,https://www.metro.ca/images/shared/placeholders/icon-no-picture.svg?v=2023.71.1.d1,https://www.metro.ca/en/online-grocery/search-page-492
IRRESISTIBLES,"Dark Roast Nespresso Coffee Pods, Ristretto Espresso",10 un,"$4.99
 ea.",,$0.50 /un.,"Regular price
$5.99  ea.","Valid until Feb 7, 2024",,https://www.metro.ca/en/online-grocery/search-page-492
AKI SUSHI,Chicken Tom Yum Soup,690 g,"$15.99
 ea.",,$2.32 /100g,,,https://product-images.metro.ca/images/hfe/hd5/11195833745438.jpg,https://www.metro.ca/en/online-grocery/search-page-492
A&W,Diet Root Beer,2 L,"$3.69
 ea.",,$0.18 /100ml,,,https://product-images.metro.ca/images/ha8/h50/10495633326110.jpg,https://www.metro.ca/en/online-grocery/search-page-492
JOHNVINCE FOODS,Green Cherries,225 g,"$4.99
 ea.",,$2.22 /100g,,,https://product-images.metro.ca/images/hfd/hc2/8895739691038.jpg,https://www.metro.ca/en/online-grocery/search-page-492
AVEENO,"Fragrance Free Daily Lotion, Baby",227 mL,"$9.99
 ea.",,$4.40 /100ml,,,,https://www.metro.ca/en/online-grocery/search-page-492
CASTELLO,Crumbled Danish Blue Cheese,113 g,"$7.99
 ea.",,$7.07 /100g,,,https://product-images.metro.ca/images/hbe/h54/10143915343902.jpg,https://www.metro.ca/en/online-grocery/search-page-492
MODELO,"Mexican Lager Beer, Especial",6x355 mL - bottles,"3 / 
$35.97",,or $14.49 ea. $0.56 /100ml,"Regular price
$15.49  ea.","Valid until Feb 7, 2024",,https://www.metro.ca/en/online-grocery/search-page-492
BENEFUL,"Simmered Chicken Medley Wet Dog Food, Prepared Meals",283 g,"2 / 
$6.00",,$1.06 /100g,"Regular price
$3.99  ea.","Valid until Jan 24, 2024",,https://www.metro.ca/en/online-grocery/search-page-492
FARNHAM ALE & LAGER,"Lager Beer, 27",473 mL - can,"2 / 
$6.98",,$0.74 /100ml,"Regular price
$3.79  ea.","Valid until Feb 7, 2024",,https://www.metro.ca/en/online-grocery/search-page-492
OGX,Hydrate & Revive And Revitalize Argan Oil Of Morocco...,385 mL,"$10.99
 ea.",,$2.85 /100ml,"Regular price
$11.99  ea.","Valid until Feb 7, 2024",,https://www.metro.ca/en/online-grocery/search-page-492
,Thyme In A Pot,1 un,"$5.99
 ea.",,$5.99 /un.,,,https://product-images.metro.ca/images/h99/hc7/9910180577310.jpg,https://www.metro.ca/en/online-grocery/search-page-492
SELECTION,Maple Wood Smoked Ham Steaks,250 g,"$4.99
 ea.",,$2.00 /100g,,,https://product-images.metro.ca/images/h5f/h57/9199693955102.jpg,https://www.metro.ca/en/online-grocery/search-page-492
DR. OETKER,"Premium Dessert Mix, Crème Caramel",105 g,"$2.99
 ea.",,$2.85 /100g,,,,https://www.metro.ca/en/online-grocery/search-page-492
ORAL-B,"7 Benefits Soft Toothbrush, Pro-Health",1 un,"$7.29
 ea.",,$7.29 /un.,,,,https://www.metro.ca/en/online-grocery/search-page-492
CAKE MATE,Black And White Candles,12 un,"$2.99
 ea.",,$0.25 /un.,,,https://product-images.metro.ca/images/he1/hed/10821305991198.jpg,https://www.metro.ca/en/online-grocery/search-page-492
CEDAR,Brown Natural Rice And Wild Rice Mix,907 g,"$5.49
 ea.",,$0.61 /100g,,,https://product-images.metro.ca/images/hd8/hef/8896318373918.jpg,https://www.metro.ca/en/online-grocery/search-page-492
CANABEC,Frozen Kangaroo Meat For Fondue,200 g,"$12.99
 ea.",,$6.50 /100g,"Regular price
$13.99  ea.","Valid until Jan 17, 2024",https://product-images.metro.ca/images/he4/h4e/9882907050014.jpg,https://www.metro.ca/en/online-grocery/search-page-492
,English Mint In A Pot,1 un,"$5.99
 ea.",,$5.99 /un.,,,https://product-images.metro.ca/images/hc9/h84/9916412624926.jpg,https://www.metro.ca/en/online-grocery/search-page-492
BABY MUM-MUM,Organic Sweet Potato And Carrot Rice Rusks,50 g,"$2.99
 ea.",,$5.98 /100g,"Regular price
$4.29  ea.","Valid until Feb 7, 2024",https://product-images.metro.ca/images/h43/h7e/10715347124254.jpg,https://www.metro.ca/en/online-grocery/search-page-492
ALEXIS DE PORTNEUF,Météorite™ Soft Blue-Veined Ash Covered Cheese,125 g,"$6.49
 ea.",,$5.19 /100g,"Regular price
$7.49  ea.","Valid until Jan 17, 2024",https://product-images.metro.ca/images/h82/h5f/10433048281118.jpg,https://www.metro.ca/en/online-grocery/search-page-492
MICROBRASSERIE CHARLEVOIX,"Imperial Milk Stout Beer, La Vache Folle",500 mL - bottle,"$5.79
 ea.",,$1.16 /100ml,,,,https://www.metro.ca/en/online-grocery/search-page-492
SNOWDON BAKERY,Sliced Austrian Bread,625 g,"$6.99
 ea.",,$1.12 /100g,,,https://product-images.metro.ca/images/hb5/h96/8860832989214.jpg,https://www.metro.ca/en/online-grocery/search-page-492
,Custard Cream Puff With Chocolate,100 g,"$2.99
 ea.",,$2.99 /100g,,,https://product-images.metro.ca/images/hb3/he0/8860967010334.jpg,https://www.metro.ca/en/online-grocery/search-page-492
CASAL DOMINGO,"Non-Alcoholic Wine Beverage Assortment, Mix-Pak",12x341 mL,"$17.99
 ea.",,$0.44 /100ml,,,,https://www.metro.ca/en/online-grocery/search-page-492
MAISON ORPHÉE,"Extra Virgin Olive Oil, Balanced",750 mL,"$20.99
 ea.",,$2.80 /100ml,,,,https://www.metro.ca/en/online-grocery/search-page-492
SARDO,Seasoned Artichoke Hearts,250 mL,"$5.29
 ea.",,$2.12 /100ml,,,https://product-images.metro.ca/images/h1c/h76/11588852613150.jpg,https://www.metro.ca/en/online-grocery/search-page-492
,Nutella® Long John Doughnuts,4x90 g,"$9.49
 ea.",,$2.64 /100g,,,https://product-images.metro.ca/images/h75/h5f/8911990947870.jpg,https://www.metro.ca/en/online-grocery/search-page-492
CEDAR,3 Peas Soup Mix,907 g,"$3.99
 ea.",,$0.44 /100g,,,https://product-images.metro.ca/images/h00/hb8/8935765671966.jpg,https://www.metro.ca/en/online-grocery/search-page-492
LABATT,"Blonde Ale Beer, 50",24x341 mL - bottles,"$36.99
 ea.",,$0.45 /100ml,,,,https://www.metro.ca/en/online-grocery/search-page-492
IRRESISTIBLES,Spanish Saffron Threads,1 g,"$12.99
 ea.",,"$1,299.00 /100g",,,https://product-images.metro.ca/images/hbb/h9f/8991516033054.jpg,https://www.metro.ca/en/online-grocery/search-page-493
PAM,Butter Flavoured No-Stick Cooking Spray,141 g,"$5.79
 ea.",,$4.11 /100g,"Regular price
$6.79  ea.","Valid until Feb 7, 2024",https://product-images.metro.ca/images/h0b/hbf/10389157707806.jpg,https://www.metro.ca/en/online-grocery/search-page-493
DENTALIFE,"Oral Care Dog Treats For Medium Dogs, Chews",595 g,"$8.99
 ea.",,$1.51 /100g,"Regular price
$9.99  ea.","Valid until Jan 24, 2024",,https://www.metro.ca/en/online-grocery/search-page-493
DION,4 Spices,28 g,"$2.99
 ea.",,$10.68 /100g,"Regular price
$3.39  ea.","Valid until Feb 7, 2024",https://product-images.metro.ca/images/h9b/h0b/10319477342238.jpg,https://www.metro.ca/en/online-grocery/search-page-493
JURA FLORE,Comté Cheese Aged 6 Months,200 g,"$11.99
 ea.",,$6.00 /100g,"Regular price
$12.49  ea.","Valid until Jan 17, 2024",https://product-images.metro.ca/images/ha9/h75/8834310799390.jpg,https://www.metro.ca/en/online-grocery/search-page-493
WALKERS,Gluten Free Chocolate Chip Shortbread Cookies,140 g,"$4.99
 ea.",,$3.56 /100g,"Regular price
$6.99  ea.","Valid until Jan 24, 2024",https://product-images.metro.ca/images/h92/h75/11243961024542.jpg,https://www.metro.ca/en/online-grocery/search-page-493
SNOWDON BAKERY,Sliced Kimmel Bread,625 g,"$5.79
 ea.",,$0.93 /100g,,,https://product-images.metro.ca/images/h71/h46/8907297226782.jpg,https://www.metro.ca/en/online-grocery/search-page-493
ST. IVES,Almond And Flaxseed Oil Body Lotion,600 mL,"$6.99
 ea.",,$1.17 /100ml,,,https://product-images.metro.ca/images/hce/h9a/9530918993950.jpg,https://www.metro.ca/en/online-grocery/search-page-493
IRRESISTIBLES,Ground Ginger,52 g,"$4.49
 ea.",,$8.63 /100g,,,https://product-images.metro.ca/images/h54/h91/12122171244574.jpg,https://www.metro.ca/en/online-grocery/search-page-493
PEDIGREE,Vitality +™ Original Flavoured Dog Food,8 kg,"$27.99
 ea.",,$0.35 /100g,,,https://product-images.metro.ca/images/hae/he5/10029071532062.jpg,https://www.metro.ca/en/online-grocery/search-page-493
NATURE VALLEY,"S'Mores Granola Bars, Lunch Box",130 g,"2 / 
$6.00",,or $3.99 ea. $2.31 /100g,,"Valid until Feb 7, 2024",,https://www.metro.ca/en/online-grocery/search-page-493
TRADITION,Sparkling Raspberry Lemonade Made From Concentrate,4x275 mL,"$6.99
 ea.",,$0.64 /100ml,"Regular price
$7.99  ea.","Valid until Jan 10, 2024",https://product-images.metro.ca/images/hcb/h53/9043196968990.jpg,https://www.metro.ca/en/online-grocery/search-page-493
CONTRADICTION,Canadian Red Wine,4 L,"$45.99
 ea.",,$1.15 /100ml,,,https://product-images.metro.ca/images/h3d/h60/10399693013022.jpg,https://www.metro.ca/en/online-grocery/search-page-493
DION,Curry Powder,80 g,"$4.69
 ea.",,$5.86 /100g,,,https://product-images.metro.ca/images/hea/h7d/10378899783710.jpg,https://www.metro.ca/en/online-grocery/search-page-493
KEEBLER,"Original Flip Sides Pretzels, Town House",260 g,"$4.99
 ea.",,$1.92 /100g,,,,https://www.metro.ca/en/online-grocery/search-page-493
LISTERINE,Clean Mint Flavoured Antiseptic Mouthwash For Sensit...,1 L,"$10.49
 ea.",,$1.05 /100ml,,,,https://www.metro.ca/en/online-grocery/search-page-493
AURORA,Spaghettini,450 g,"$2.49
 ea.",,$0.55 /100g,,,https://product-images.metro.ca/images/h12/h72/9522812780574.jpg,https://www.metro.ca/en/online-grocery/search-page-493
RIVIERA,Lactose Free Goat Cheddar Cheese,200 g,"$7.99
 ea.",,$4.00 /100g,"Regular price
$10.49  ea.","Valid until Jan 17, 2024",https://product-images.metro.ca/images/h65/hbf/9693949657118.jpg,https://www.metro.ca/en/online-grocery/search-page-493
TIPIAK,White Quinoa,240 g,"$7.79
 ea.",,$3.25 /100g,,,https://product-images.metro.ca/images/hac/hf9/9530080952350.jpg,https://www.metro.ca/en/online-grocery/search-page-493
OGX,Thick & Full Conditioner With Biotin & Collagen,385 mL,"$9.49
 ea.",,$2.46 /100ml,"Regular price
$10.79  ea.","Valid until Feb 7, 2024",https://product-images.metro.ca/images/h36/hff/11627035361310.jpg,https://www.metro.ca/en/online-grocery/search-page-493
DION,Sesame Seeds,50 g,"$2.99
 ea.",,$5.98 /100g,"Regular price
$3.39  ea.","Valid until Feb 7, 2024",https://product-images.metro.ca/images/heb/h8b/10250291281950.jpg,https://www.metro.ca/en/online-grocery/search-page-493
METROGO!,Quartered Strawberries,Large,"$9.99
 ea.",,$2.00 /100g,,,https://product-images.metro.ca/images/h71/h53/8837239373854.jpg,https://www.metro.ca/en/online-grocery/search-page-493
ALEXIS DE PORTNEUF,Garlic And Herbs Spreadable Cow And Goat Milk Cheese...,125 g,"$6.79
 ea.",,$5.43 /100g,,,,https://www.metro.ca/en/online-grocery/search-page-493
GOGO QUINOA,5 Whole Grains Medley,375 g,"$4.49
 ea.",,$1.20 /100g,"Regular price
$5.59  ea.","Valid until Jan 24, 2024",https://product-images.metro.ca/images/h7d/h2a/10932795473950.jpg,https://www.metro.ca/en/online-grocery/search-page-493
AIR HEADS,Fruit Flavoured Candy Bites,170 g,"$2.69
 ea.",,$1.58 /100g,,,https://product-images.metro.ca/images/h3f/hdc/11281561944094.jpg,https://www.metro.ca/en/online-grocery/search-page-493
CREST,"Clean Mint Flavoured Original Toothpaste, Pro-Health",70 mL,"$3.49
 ea.",,$4.99 /100ml,,,,https://www.metro.ca/en/online-grocery/search-page-493
BROME LAKE DUCKS,Fully Cooked Gluten Free Italian Duck Sausages In Na...,300 g,"$10.99
 ea.",,$3.66 /100g,,,,https://www.metro.ca/en/online-grocery/search-page-493
ORAL-B,"Soft Bristles Toothbrush, Advantage Plus",1 un,"$5.49
 ea.",,$5.49 /un.,,,,https://www.metro.ca/en/online-grocery/search-page-493
KRISPY KERNELS,Unsalted Cashews,225 g,"$7.49
 ea.",,$3.33 /100g,"Regular price
$8.49  ea.","Valid until Jan 24, 2024",https://product-images.metro.ca/images/h4d/h43/11198034444318.jpg,https://www.metro.ca/en/online-grocery/search-page-493
IRRESISTIBLES,"Medium Roast Espresso Coffee Nespresso Capsules, For...",10 un,"$4.99
 ea.",,$0.50 /un.,"Regular price
$5.99  ea.","Valid until Feb 7, 2024",,https://www.metro.ca/en/online-grocery/search-page-493
CHARLEVOISIENNE,Le Campagnard Country Style Ham,175 g,"$5.79
 ea.",,$3.31 /100g,,,https://product-images.metro.ca/images/h18/h93/8959796510750.jpg,https://www.metro.ca/en/online-grocery/search-page-494
DOLE,Apple Juice With Added Vitamin C,12x340 mL,"$7.79
 ea.",,$0.19 /100ml,,,https://product-images.metro.ca/images/h70/h10/10135779049502.jpg,https://www.metro.ca/en/online-grocery/search-page-494
NEW ZEALAND SPRING LAMB,New Zealand Frozen Short Cut Lamb Leg,1 leg per tray,"$43.99
 avg. ea.","(2,103 g avg.)",$20.92 /kg$9.49 /lb.,"Regular price
$22.02  avg. kg","Valid until Jan 17, 2024",https://product-images.metro.ca/images/h88/h96/11869277814814.jpg,https://www.metro.ca/en/online-grocery/search-page-494
SNOWDON BAKERY,Sliced Black Bread,625 g,"$6.99
 ea.",,$1.12 /100g,,,https://product-images.metro.ca/images/h5b/h3a/8861138518046.jpg,https://www.metro.ca/en/online-grocery/search-page-494
THAI KITCHEN,Mushroom Rice Noodle Bowl,68 g,"$3.29
 ea.",,$4.84 /100g,,,https://product-images.metro.ca/images/h09/he7/10183879884830.jpg,https://www.metro.ca/en/online-grocery/search-page-494
METROGO!,Italian-Style Pork Meatloaf,,"$10.02
 avg. ea.",(650 g avg.),$15.41 /kg$6.99 /lb.,,,https://product-images.metro.ca/images/hd0/h77/8865848688670.jpg,https://www.metro.ca/en/online-grocery/search-page-494
CLUB HOUSE,Ground Turmeric,102 g,"$7.29
 ea.",,$7.15 /100g,,,https://product-images.metro.ca/images/he8/h68/10170612219934.jpg,https://www.metro.ca/en/online-grocery/search-page-494
AURORA,Italian Style Rice,750 g,"$4.69
 ea.",,$0.63 /100g,,,https://product-images.metro.ca/images/h53/hcc/9522502107166.jpg,https://www.metro.ca/en/online-grocery/search-page-494
AURORA,Flat Fillets Of Anchovies In Olive Oil,50 g,"$2.49
 ea.",,$4.98 /100g,"Regular price
$3.29  ea.","Valid until Jan 24, 2024",https://product-images.metro.ca/images/hca/h0e/11574103998494.jpg,https://www.metro.ca/en/online-grocery/search-page-494
KIKKOMAN,Teriyaki Marinade And Sauce,296 mL,"$9.49
 ea.",,$3.21 /100ml,,,https://product-images.metro.ca/images/ha1/h0b/11292711190558.jpg,https://www.metro.ca/en/online-grocery/search-page-494
METROGO!,"Asparagus And Cheese Stuffed Chicken Breasts, Value ...",4 breasts per tray,"$20.92
 avg. ea.","(1,000 g avg.)",$20.92 /kg$9.49 /lb.,"Regular price
$22.02  avg. kg","Valid until Jan 10, 2024",,https://www.metro.ca/en/online-grocery/search-page-494
SO DELICIOUS,Chocolate Flavoured Cashew Milk Frozen Dessert,500 mL,"$9.49
 ea.",,$1.90 /100ml,,,https://product-images.metro.ca/images/h80/hf9/12050778325022.jpg,https://www.metro.ca/en/online-grocery/search-page-494
PATAK'S,Madras Curry Paste,284 mL,"$6.29
 ea.",,$2.21 /100ml,,,https://product-images.metro.ca/images/hf2/hd2/9973595340830.jpg,https://www.metro.ca/en/online-grocery/search-page-494
TENDERFLAKE,Pure Lard,1.36 kg,"$14.99
 ea.",,$1.10 /100g,"Regular price
$17.99  ea.","Valid until Feb 7, 2024",https://product-images.metro.ca/images/h3f/h9b/11117326532638.jpg,https://www.metro.ca/en/online-grocery/search-page-494
CLUB HOUSE,Imitation Rum Extract,43 mL,"$3.99
 ea.",,$9.28 /100ml,,,https://product-images.metro.ca/images/h83/h9d/10443192008734.jpg,https://www.metro.ca/en/online-grocery/search-page-494
,Strawberry & Mixed Berry Jardinière,865 g,"$16.99
 ea.",,$1.96 /100g,,,https://product-images.metro.ca/images/h45/hf7/8957421092894.jpg,https://www.metro.ca/en/online-grocery/search-page-494
IRRESISTIBLES,Celery Salt,110 g,"$2.49
 ea.",,$2.26 /100g,,,https://product-images.metro.ca/images/h64/h61/8987545174046.jpg,https://www.metro.ca/en/online-grocery/search-page-494
AURORA,Fusilli,450 g,"$2.49
 ea.",,$0.55 /100g,,,https://product-images.metro.ca/images/h85/he5/9522838667294.jpg,https://www.metro.ca/en/online-grocery/search-page-494
BLUE DRAGON,Chili Coconut Stir Fry Sauce,140 mL,"$1.99
 ea.",,$1.42 /100ml,"Regular price
$2.39  ea.","Valid until Jan 24, 2024",https://product-images.metro.ca/images/h53/h58/10288396632094.jpg,https://www.metro.ca/en/online-grocery/search-page-494
CEDAR,Patna Long Grain White Rice,4 kg,"$8.99
 ea.",,$0.22 /100g,"Regular price
$11.49  ea.","Valid until Jan 24, 2024",https://product-images.metro.ca/images/h6a/h78/9731841196062.jpg,https://www.metro.ca/en/online-grocery/search-page-494
PLAISIRS GASTRONOMIQUES,Braised Pork Shank With Rib Sauce,950 g,"$14.99
 ea.",,$1.58 /100g,,,https://product-images.metro.ca/images/h6b/h9a/12050631360542.jpg,https://www.metro.ca/en/online-grocery/search-page-494
TRISTAN FOODS,Pancakes & Waffles 4 Flours Mix,1 kg,"$8.49
 ea.",,$0.85 /100g,,,https://product-images.metro.ca/images/h27/h48/12122095058974.jpg,https://www.metro.ca/en/online-grocery/search-page-494
EL-MA-MIA,Cretons Seasoning,135 g,"2 / 
$8.50",,$3.15 /100g,"Regular price
$4.99  ea.","Valid until Feb 7, 2024",https://product-images.metro.ca/images/hd2/h05/11461757894686.jpg,https://www.metro.ca/en/online-grocery/search-page-494
LE PAIN DES FLEURS,Organic Buckwheat Crispbread,150 g,"$5.49
 ea.",,$3.66 /100g,"Regular price
$6.49  ea.","Valid until Jan 24, 2024",https://product-images.metro.ca/images/he0/h81/11761503993886.jpg,https://www.metro.ca/en/online-grocery/search-page-494
LABATT,"Pilsner Beer, Blue",740 mL - can,"$5.49
 ea.",,$0.74 /100ml,,,,https://www.metro.ca/en/online-grocery/search-page-494
CAKE MATE,Musical Candle,1 un,"$4.19
 ea.",,$4.19 /un.,,,https://product-images.metro.ca/images/h5e/hdd/10821296914462.jpg,https://www.metro.ca/en/online-grocery/search-page-494
SELECTION,Soup Mix With Rice,900 g,"$1.99
 ea.",,$0.22 /100g,"Regular price
$2.69  ea.","Valid until Jan 24, 2024",https://product-images.metro.ca/images/hd2/h3a/8954157695006.jpg,https://www.metro.ca/en/online-grocery/search-page-494
BROME LAKE DUCKS,Fully Cooked Cranberry And Orange Duck Sausages,300 g,"$10.99
 ea.",,$3.66 /100g,,,https://product-images.metro.ca/images/hab/h78/9894713884702.jpg,https://www.metro.ca/en/online-grocery/search-page-494
DR. OETKER,Crème Brûlée Dessert Mix,106 g,"$2.99
 ea.",,$2.82 /100g,,,https://product-images.metro.ca/images/hc5/h0f/11761482629150.jpg,https://www.metro.ca/en/online-grocery/search-page-494
DAIYA,Dairy Free Swiss Style Slices,220 g,"$5.49
 ea.",,$2.50 /100g,"Regular price
$7.79  ea.","Valid until Feb 14, 2024",https://product-images.metro.ca/images/hc9/h2c/11816880308254.jpg,https://www.metro.ca/en/online-grocery/search-page-494
SCHÄR,Gluten Free Sliced White Bread,400 g,"$9.99
 ea.",,$2.50 /100g,,,https://product-images.metro.ca/images/hce/hfc/10841493209118.jpg,https://www.metro.ca/en/online-grocery/search-page-495
TRADITION,"Carrot Juice, Health Vision",950 mL,"$5.49
 ea.",,$0.58 /100ml,"Regular price
$5.99  ea.","Valid until Jan 17, 2024",,https://www.metro.ca/en/online-grocery/search-page-495
PETIT NAVIRE,Old Fashion Mustard Atlantic Fillets,169 g,"$6.29
 ea.",,$3.72 /100g,,,https://product-images.metro.ca/images/h62/hc0/11401329573918.jpg,https://www.metro.ca/en/online-grocery/search-page-495
CIDRERIE ST-NICOLAS,Litte Normandy Crackling Rosé Cider,750 ml,"$17.99
 ea.",,$2.40 /100ml,,,https://product-images.metro.ca/images/h60/h91/8883389366302.jpg,https://www.metro.ca/en/online-grocery/search-page-495
CHARLEVOISIENNE,Black Forest Ham,175 g,"$5.79
 ea.",,$3.31 /100g,,,https://product-images.metro.ca/images/h9f/h74/8959584370718.jpg,https://www.metro.ca/en/online-grocery/search-page-495
PERT PLUS,2 In 1 Moisturizing Shampoo And Conditioner For Dry ...,500 ml,"$4.59
 ea.",,$0.92 /100ml,,,,https://www.metro.ca/en/online-grocery/search-page-495
GARNIER,"Coconut Oil & Cocoa Butter Smoothing Shampoo, Whole ...",370 ml,"$6.49
 ea.",,$1.75 /100ml,,,,https://www.metro.ca/en/online-grocery/search-page-495
SPITZ,Cracked Pepper Flavoured Sunflower Seeds,210 g,"$2.99
 ea.",,$1.42 /100g,,,https://product-images.metro.ca/images/h08/h1c/11386223067166.jpg,https://www.metro.ca/en/online-grocery/search-page-495
LES CAPRICES D'ANTAN,Smooth Apple Jelly,300 mL,"$6.49
 ea.",,$2.16 /100ml,,,https://product-images.metro.ca/images/h50/hb5/11590630211614.jpg,https://www.metro.ca/en/online-grocery/search-page-495
BATISTE,XXL Volume Dry Shampoo,200 mL,"$10.49
 ea.",,$5.25 /100ml,,,https://product-images.metro.ca/images/h1c/h69/11349099577374.jpg,https://www.metro.ca/en/online-grocery/search-page-495
MAISON ORPHÉE,Organic Dijon Mustard,250 mL,"$4.79
 ea.",,$1.92 /100ml,,,https://www.metro.ca/images/shared/placeholders/icon-no-picture.svg?v=2023.71.1.d1,https://www.metro.ca/en/online-grocery/search-page-495
DOVE,Minerals And Sage 2 In 1 Fortifying Shampoo And Cond...,355 mL,"$6.99
 ea.",,$1.97 /100ml,,,,https://www.metro.ca/en/online-grocery/search-page-495
CAKE MATE,Sprinkle Sugars,112 g,"$5.79
 ea.",,$5.17 /100g,,,https://product-images.metro.ca/images/h05/h9a/8848488661022.jpg,https://www.metro.ca/en/online-grocery/search-page-495
OLÉ! SANGRITA,Sangria Wine Beverage,4 L,"$24.99
 ea.",,$0.62 /100ml,,,https://product-images.metro.ca/images/ha4/hfc/9518197800990.jpg,https://www.metro.ca/en/online-grocery/search-page-495
LEE KUM KEE,Thai Sweet Chili Sauce,398 mL,"$7.29
 ea.",,$1.83 /100ml,,,https://product-images.metro.ca/images/h60/ha1/8887920197662.jpg,https://www.metro.ca/en/online-grocery/search-page-495
MISO MASSAWIPPI,Organic Soya And Rice Miso,200 g,"$8.29
 ea.",,$4.15 /100g,,,https://product-images.metro.ca/images/h33/h77/9751176314910.jpg,https://www.metro.ca/en/online-grocery/search-page-495
SNOWDON BAKERY,Sliced Hungarian Bread,625 g,"$7.79
 ea.",,$1.25 /100g,,,https://product-images.metro.ca/images/hac/hf7/8906631118878.jpg,https://www.metro.ca/en/online-grocery/search-page-495
MAISON ORPHÉE,Organic Cider Vinegar,500 mL,"$5.79
 ea.",,$1.16 /100ml,,,https://product-images.metro.ca/images/h84/h01/10695669743646.jpg,https://www.metro.ca/en/online-grocery/search-page-495
BIOVERT,Spring Fresh Scented Liquid Fabric Softener,32 loads - 1.4 L,"$6.49
 ea.",,$0.20 /load,"Regular price
$7.99  ea.","Valid until Feb 7, 2024",https://product-images.metro.ca/images/h71/h1f/9836157108254.jpg,https://www.metro.ca/en/online-grocery/search-page-495
LE GRAND,Spicy Olive & Jalapeño Pesto,170 g,"$8.99
 ea.",,$5.29 /100g,,,https://product-images.metro.ca/images/h9e/h54/9751027646494.jpg,https://www.metro.ca/en/online-grocery/search-page-495
CEDAR,Yellow Corn Meal #250,907 g,"$2.99
 ea.",,$0.33 /100g,,,https://product-images.metro.ca/images/hd4/h12/11590632112158.jpg,https://www.metro.ca/en/online-grocery/search-page-495
CASTELLO,Spicy Cheddar Cheese With Cracked Black Pepper,200 g,"$8.00
 ea.",,$4.00 /100g,"Regular price
$9.29  ea.","Valid until Jan 10, 2024",https://product-images.metro.ca/images/h60/hed/11461826510878.jpg,https://www.metro.ca/en/online-grocery/search-page-495
KELLOGG'S,"Original Waffles, Eggo",1.68 kg,"$14.29
 ea.",,$0.85 /100g,,,,https://www.metro.ca/en/online-grocery/search-page-495
FRESHPET,"Beef, Vegetables And Rice Rolls For Dogs, Select",680 g,"$8.79
 ea.",,$1.29 /100g,,,,https://www.metro.ca/en/online-grocery/search-page-495
AXE,Gold Temptation™ Refreshing Shower Gel,473 mL,"$6.99
 ea.",,$1.48 /100ml,,,https://product-images.metro.ca/images/h4c/hc6/11728523821086.jpg,https://www.metro.ca/en/online-grocery/search-page-495
IRRESISTIBLES,Lemon Flavoured Extra Virgin Olive Oil,250 mL,"$9.49
 ea.",,$3.80 /100ml,,,https://product-images.metro.ca/images/hb6/h04/11432707817502.jpg,https://www.metro.ca/en/online-grocery/search-page-495
SELECTION,Basmati Rice,400 g,"2 / 
$5.00",,$0.63 /100g,"Regular price
$2.99  ea.","Valid until Jan 24, 2024",https://product-images.metro.ca/images/h23/h02/9176615452702.jpg,https://www.metro.ca/en/online-grocery/search-page-495
PATAK'S,Tikka Masala Cooking Sauce,200 mL,"$3.19
 ea.",,$1.60 /100ml,"Regular price
$3.79  ea.","Valid until Jan 24, 2024",https://product-images.metro.ca/images/he1/h87/9963311497246.jpg,https://www.metro.ca/en/online-grocery/search-page-495
VASELINE,"Aloe Vera Hydration Body Lotion, Intensive Care",600 mL,"$10.99
 ea.",,$1.83 /100ml,,,,https://www.metro.ca/en/online-grocery/search-page-495
OGX,Damage Remedy Coconut Miracle Oil Extra Strenght Con...,385 mL,"$10.99
 ea.",,$2.85 /100ml,"Regular price
$11.99  ea.","Valid until Feb 7, 2024",,https://www.metro.ca/en/online-grocery/search-page-495
NOS,Original Energy Drink,473 mL,"2 / 
$5.50",,$0.58 /100ml,"Regular price
$3.99  ea.","Valid until Jan 24, 2024",https://product-images.metro.ca/images/hca/hdb/10962337726494.jpg,https://www.metro.ca/en/online-grocery/search-page-496
PEDIGREE,Vitality +™ Original Flavoured Dog Food,2 kg,"$10.99
 ea.",,$0.55 /100g,,,https://product-images.metro.ca/images/h8e/hb1/10029073399838.jpg,https://www.metro.ca/en/online-grocery/search-page-496
MODELO,"Mexican Lager Beer, Especial",12x355 mL - bottles,"$23.99
 ea.",,$0.56 /100ml,"Regular price
$25.99  ea.","Valid until Jan 10, 2024",,https://www.metro.ca/en/online-grocery/search-page-496
LE FORÊT NOIRE,Canadian White Wine,4 L,"$41.99
 ea.",,$1.05 /100ml,,,https://product-images.metro.ca/images/h58/h25/10399668109342.jpg,https://www.metro.ca/en/online-grocery/search-page-496
VILEDA,Dustpan And Brush Set,1 un,"$7.49
 ea.",,$7.49 /un.,,,https://product-images.metro.ca/images/h0c/h24/8809846800414.jpg,https://www.metro.ca/en/online-grocery/search-page-496
SELECTION,Long Grain White Rice,8 kg,"$14.99
 ea.",,$0.19 /100g,,,https://product-images.metro.ca/images/hd5/h53/10183914946590.jpg,https://www.metro.ca/en/online-grocery/search-page-496
MONSTER,"Energy Drink, Lo-Cal",473 mL,"2 / 
$5.50",,$0.58 /100ml,"Regular price
$3.99  ea.","Valid until Jan 24, 2024",,https://www.metro.ca/en/online-grocery/search-page-496
METROGO!,Frozen Traditional Lac St-Jean Meat Pie,,"$23.85
 avg. ea.","(1,500 g avg.)",$15.90 /kg$7.21 /lb.,"Regular price
$16.90  avg. kg","Valid until Jan 17, 2024",https://www.metro.ca/images/shared/placeholders/icon-no-picture.svg?v=2023.71.1.d1,https://www.metro.ca/en/online-grocery/search-page-496
SELECTION,Frozen Waffles,1.68 kg,"$9.99
 ea.",,$0.59 /100g,,,https://product-images.metro.ca/images/he2/h81/11521338703902.jpg,https://www.metro.ca/en/online-grocery/search-page-496
LA COSTEÑA,Green Mexican Sauce,215 mL,"$2.49
 ea.",,$1.16 /100ml,,,https://product-images.metro.ca/images/h7a/h13/9554220285982.jpg,https://www.metro.ca/en/online-grocery/search-page-496
DORITOS,"White Cheddar Flavoured Tortilla Chips, Simply",213 g,"$5.49
 ea.",,$2.58 /100ml,,,,https://www.metro.ca/en/online-grocery/search-page-496
QUALI DESSERTS,Frozen Carrot Cake,6 in - 650 g,"$12.99
 ea.",,$2.00 /100g,,,https://product-images.metro.ca/images/h4b/h66/8861346529310.jpg,https://www.metro.ca/en/online-grocery/search-page-496
BIC,"Titanium Disposable Razors, Flex 4",3 un,"$8.49
 ea.",,$2.83 /un.,,,,https://www.metro.ca/en/online-grocery/search-page-496
VASELINE,"Dry Skin Repair Body Lotion, Intensive Care",600 mL,"$10.99
 ea.",,$1.83 /100ml,,,,https://www.metro.ca/en/online-grocery/search-page-496
,Organic Navel Orange,Sold individually,"$1.99
 ea.",,$1.99 /un.,,,https://product-images.metro.ca/images/h40/h55/8874234052638.jpg,https://www.metro.ca/en/online-grocery/search-page-496
RIESEN,Caramels Covered In Rich European Chocolate,135 g,"$2.99
 ea.",,$2.21 /100g,"Regular price
$3.49  ea.","Valid until Jan 24, 2024",https://product-images.metro.ca/images/h39/h7d/10231187963934.jpg,https://www.metro.ca/en/online-grocery/search-page-496
SPEED STICK,Sport Deodorant Stick,85 g,"$5.99
 ea.",,$7.05 /100g,,,https://product-images.metro.ca/images/h8b/hf4/11734994878494.jpg,https://www.metro.ca/en/online-grocery/search-page-496
JARDINS SAINT-ANTOINE,Handmade Gogo Pizza Sauce,250 mL,"$4.69
 ea.",,$1.88 /100ml,,,https://product-images.metro.ca/images/h76/h09/10518848471070.jpg,https://www.metro.ca/en/online-grocery/search-page-496
D'AUCY,Whole Green Beans,398 mL,"$3.49
 ea.",,$0.88 /100ml,,,https://product-images.metro.ca/images/h19/h7f/11714263842846.jpg,https://www.metro.ca/en/online-grocery/search-page-496
MARS,Chocolate Bites,400 g,"$11.29
 ea.",,$2.82 /100g,,,https://product-images.metro.ca/images/h59/hb9/11937066844190.jpg,https://www.metro.ca/en/online-grocery/search-page-496
DION,Ground Allspice,32 g,"$3.99
 ea.",,$12.47 /100g,,,https://product-images.metro.ca/images/hf9/h78/9530179747870.jpg,https://www.metro.ca/en/online-grocery/search-page-496
ARNOTT'S,"Chewy Caramel And Chocolate Cookies, Tim Tam",175 g,"$4.99
 ea.",,$2.85 /100g,,,,https://www.metro.ca/en/online-grocery/search-page-496
DION,Spaghetti Sauce Spice Mix,122 g,"$4.49
 ea.",,$3.68 /100g,"Regular price
$5.29  ea.","Valid until Feb 7, 2024",https://product-images.metro.ca/images/he9/h98/10378930913310.jpg,https://www.metro.ca/en/online-grocery/search-page-496
DOLE,Orange Juice,12x340 mL,"$7.79
 ea.",,$0.19 /100ml,,,https://product-images.metro.ca/images/ha7/h47/10135950098462.jpg,https://www.metro.ca/en/online-grocery/search-page-496
NIVEA,Stress Protect™ Roll-On Antiperspirant And Deodorant,50 mL,"$5.29
 ea.",,$10.58 /100ml,,,https://product-images.metro.ca/images/h39/h98/10850898411550.jpg,https://www.metro.ca/en/online-grocery/search-page-496
BORÉALE,"Amber Ale Beer, Rousse",6x355 mL - cans,"$11.99
 ea.",,$0.56 /100ml,,,,https://www.metro.ca/en/online-grocery/search-page-496
COCA-COLA,"Cherry Flavoured Soft Drinks, Zero",12x355 mL,"$6.98
 ea.",,$0.16 /100ml,"Regular price
$7.99  ea.","Valid until Jan 10, 2024",,https://www.metro.ca/en/online-grocery/search-page-496
IRRESISTIBLES,Whole Cumin Seeds,55 g,"$4.99
 ea.",,$9.07 /100g,,,https://product-images.metro.ca/images/hb3/h12/12083925712926.jpg,https://www.metro.ca/en/online-grocery/search-page-496
FOUR O'CLOCK,Chamomile Herbal Tea Bags,20 un,"$5.99
 ea.",,$0.30 /un.,,,https://product-images.metro.ca/images/h14/h04/11675996094494.jpg,https://www.metro.ca/en/online-grocery/search-page-496
DION,Chinese 5 Spices Mix,28 g,"$2.99
 ea.",,$10.68 /100g,"Regular price
$3.69  ea.","Valid until Feb 7, 2024",https://product-images.metro.ca/images/h3c/hf2/10378917707806.jpg,https://www.metro.ca/en/online-grocery/search-page-496
AXE,Dark Temptation® Deodorant Bodyspray,113 g,"$6.99
 ea.",,$6.19 /100g,,,https://product-images.metro.ca/images/h8f/he0/11461692653598.jpg,https://www.metro.ca/en/online-grocery/search-page-497
IRRESISTIBLES,Fresh Poultry Herb Blend,10 g,"$2.99
 ea.",,$14.24 /100g,,,https://product-images.metro.ca/images/h36/h07/8959517720606.jpg,https://www.metro.ca/en/online-grocery/search-page-497
METROGO!,"Meatball Stew, Value Pack",,"$20.73
 avg. ea.","(1,158 g avg.)",$17.90 /kg$8.12 /lb.,"Regular price
$18.90  avg. kg","Valid until Dec 27, 2023",,https://www.metro.ca/en/online-grocery/search-page-497
SAN PERRIO,Mango & Lime Sparkling Lemonade,750 mL,"$4.99
 ea.",,$0.67 /100ml,,,https://product-images.metro.ca/images/h48/h17/9751022600222.jpg,https://www.metro.ca/en/online-grocery/search-page-497
ROCKSTAR,Sugar Free Energy Drink,473 mL,"$3.79
 ea.",,$0.80 /100ml,,,https://product-images.metro.ca/images/hc6/h28/11883365564446.jpg,https://www.metro.ca/en/online-grocery/search-page-497
BLUE MOON,Belgian-Style White Beer,12x355 mL - cans,"$23.99
 ea.",,$0.56 /100ml,"Regular price
$25.99  ea.","Valid until Jan 10, 2024",https://product-images.metro.ca/images/ha0/h7d/11080034680862.jpg,https://www.metro.ca/en/online-grocery/search-page-497
GERBER,Apple And Sweet Potato Flavoured Wholegrain Corn Bab...,42 g,"$4.99
 ea.",,$11.88 /100g,,,,https://www.metro.ca/en/online-grocery/search-page-497
NIVEA,"Sensitive Skin After Shave Balm, Men",100 ml,"$8.49
 ea.",,$8.49 /100ml,,,,https://www.metro.ca/en/online-grocery/search-page-497
IRRESISTIBLES,Whole Coriander Seeds,32 g,"$3.49
 ea.",,$10.91 /100g,,,https://product-images.metro.ca/images/hfc/h1d/12122175340574.jpg,https://www.metro.ca/en/online-grocery/search-page-497
LONEY'S,Béchamel Sauce Mix,400 g,"$6.99
 ea.",,$1.75 /100g,"Regular price
$7.99  ea.","Valid until Jan 24, 2024",https://product-images.metro.ca/images/h66/h02/11892964786206.jpg,https://www.metro.ca/en/online-grocery/search-page-497
ST. IVES,Skin Renewing Collagen Elastin Body Lotion,600 mL,"$6.99
 ea.",,$1.17 /100ml,,,https://product-images.metro.ca/images/h1e/hd8/11655002619934.jpg,https://www.metro.ca/en/online-grocery/search-page-497
BENEFUL,"Beef Dry Dog Food, Originals",7 kg,"$28.49
 ea.",,$0.41 /100g,,,,https://www.metro.ca/en/online-grocery/search-page-497
GUINNESS,"Irish Beer Assortment, Irish Heritage Pack",8x440 mL - cans,"$23.99
 ea.",,$0.68 /100ml,,,,https://www.metro.ca/en/online-grocery/search-page-497
WHISKAS,Chicken Flavoured Kitten Food,1.5 kg,"$10.49
 ea.",,$0.70 /100g,"Regular price
$11.49  ea.","Valid until Jan 24, 2024",https://product-images.metro.ca/images/h53/h91/10009270943774.jpg,https://www.metro.ca/en/online-grocery/search-page-497
BABY GOURMET,Vegetable Beef And Barley,128 mL,"$3.49
 ea.",,$2.73 /100ml,,,https://product-images.metro.ca/images/hc1/h20/12050862211102.jpg,https://www.metro.ca/en/online-grocery/search-page-497
DAIYA,Plain Cream Cheese Style Spread,227 g,"$5.49
 ea.",,$2.42 /100g,"Regular price
$7.49  ea.","Valid until Feb 14, 2024",https://product-images.metro.ca/images/hd9/hed/11816850849822.jpg,https://www.metro.ca/en/online-grocery/search-page-497
HAIKU,Lemon Grass In Water,210 g,"$3.99
 ea.",,$1.90 /100g,"Regular price
$4.79  ea.","Valid until Jan 24, 2024",https://product-images.metro.ca/images/h26/h72/9514854252574.jpg,https://www.metro.ca/en/online-grocery/search-page-497
VILEDA,"Non Scratch Foam Back Scourers, Colours",4 un,"$4.99
 ea.",,$1.25 /un.,,,,https://www.metro.ca/en/online-grocery/search-page-497
CASTELLO,Aged Havarti Cheese,200 g,"$8.00
 ea.",,$4.00 /100g,"Regular price
$9.49  ea.","Valid until Jan 10, 2024",https://product-images.metro.ca/images/h1e/h87/11461833097246.jpg,https://www.metro.ca/en/online-grocery/search-page-497
VASELINE,"Unscented Advanced Repair Non-Greasy Lotion, Intensi...",600 mL,"$10.99
 ea.",,$1.83 /100ml,,,,https://www.metro.ca/en/online-grocery/search-page-497
PATIENCE FRUIT & CO,Organic Cranberry Juice,946 mL,"$9.99
 ea.",,$1.00 /100ml,,,https://product-images.metro.ca/images/h6f/h4f/10344104198174.jpg,https://www.metro.ca/en/online-grocery/search-page-497
COVERED BRIDGE,Sea Salt Old Fashioned Kettle Cooked Chips,170 g,"$4.49
 ea.",,$2.64 /100g,"Regular price
$4.99  ea.","Valid until Jan 24, 2024",https://product-images.metro.ca/images/h30/hd4/9836188565534.jpg,https://www.metro.ca/en/online-grocery/search-page-497
DAIYA,New York Cheesecake,400 g,"$9.99
 ea.",,$2.50 /100g,,,https://product-images.metro.ca/images/h3e/h4f/11816884994078.jpg,https://www.metro.ca/en/online-grocery/search-page-497
GERBER,"Veggie Dip Flavoured Wholegrain Corn Baby Snack, Lil...",42 g,"$4.99
 ea.",,$11.88 /100g,,,,https://www.metro.ca/en/online-grocery/search-page-497
DION,Dill Weed,9 g,"$2.99
 ea.",,$33.22 /100g,"Regular price
$3.19  ea.","Valid until Feb 7, 2024",https://product-images.metro.ca/images/hd0/hf4/10239164022814.jpg,https://www.metro.ca/en/online-grocery/search-page-497
DION,Thyme,36 g,"$3.29
 ea.",,$9.14 /100g,"Regular price
$3.99  ea.","Valid until Feb 7, 2024",https://product-images.metro.ca/images/h5e/h01/10378925047838.jpg,https://www.metro.ca/en/online-grocery/search-page-497
SELECTION,Teriyaki Sauce,341 mL,"$3.29
 ea.",,$0.96 /100ml,,,https://product-images.metro.ca/images/h23/h2f/8942296924190.jpg,https://www.metro.ca/en/online-grocery/search-page-497
NATURE'S BAKERY,Fig And Raspberry Flavoured Whole Wheat Bars,6x57 g,"$7.49
 ea.",,$2.20 /100g,"Regular price
$8.49  ea.","Valid until Feb 7, 2024",https://product-images.metro.ca/images/h99/heb/10547120996382.jpg,https://www.metro.ca/en/online-grocery/search-page-497
GLUTINO,Gluten Free Milk Chocolate Flavoured Wafer Bites,130 g,"$4.99
 ea.",,$3.84 /100g,,,https://product-images.metro.ca/images/hb4/h1a/9530203963422.jpg,https://www.metro.ca/en/online-grocery/search-page-497
TUMS,Peppermint Flavoured Extra-Strength Antacid Tablets,100 un,"$6.29
 ea.",,$0.06 /un.,,,https://product-images.metro.ca/images/hf8/hb7/9526164684830.jpg,https://www.metro.ca/en/online-grocery/search-page-497
MRS CRIMBLE'S,Large Coconut Macaroons,190 g,"$4.99
 ea.",,$2.63 /100g,"Regular price
$5.49  ea.","Valid until Jan 24, 2024",https://product-images.metro.ca/images/h1d/haf/11642919387166.jpg,https://www.metro.ca/en/online-grocery/search-page-498
INÉWA,Whole Grain Kamut Sourdough Bread,600 g,"$5.29
 ea.",,$0.96 /100g,"Regular price
$6.49  ea.","Valid until Feb 14, 2024",https://product-images.metro.ca/images/h60/h47/9883024621598.jpg,https://www.metro.ca/en/online-grocery/search-page-498
BERNARDIN,Decorative Mason Jars With Snap Lid® Closures,12x250 ml,"$19.99
 ea.",,$0.67 /100ml,,,https://product-images.metro.ca/images/ha5/had/10778565050398.jpg,https://www.metro.ca/en/online-grocery/search-page-498
PATAK'S,Madras Cumin And Chilli Cooking Sauce,400 mL,"$6.29
 ea.",,$1.57 /100ml,,,https://product-images.metro.ca/images/hd2/h2e/9973590425630.jpg,https://www.metro.ca/en/online-grocery/search-page-498
BUD LIGHT,Light Blonde Lager Beer,740 mL - can,"$5.49
 ea.",,$0.74 /100ml,,,https://product-images.metro.ca/images/ha6/h3b/10378848174110.jpg,https://www.metro.ca/en/online-grocery/search-page-498
DION,Celery Salt,60 g,"$2.49
 ea.",,$4.15 /100g,"Regular price
$2.99  ea.","Valid until Feb 7, 2024",https://product-images.metro.ca/images/hb4/hc1/10250245996574.jpg,https://www.metro.ca/en/online-grocery/search-page-498
LA MILANAISE,Organic Hulled Millet,500 g,"$4.19
 ea.",,$0.84 /100g,,,https://product-images.metro.ca/images/h76/he8/10792038203422.jpg,https://www.metro.ca/en/online-grocery/search-page-498
CLUB HOUSE,Imitation Caramel Extract,43 mL,"$3.99
 ea.",,$9.28 /100ml,,,https://product-images.metro.ca/images/h16/h9a/10938821672990.jpg,https://www.metro.ca/en/online-grocery/search-page-498
TRADITION,Organic Pear Juice,950 mL,"$5.49
 ea.",,$0.58 /100ml,"Regular price
$5.99  ea.","Valid until Jan 17, 2024",https://product-images.metro.ca/images/haf/hb5/9532795551774.jpg,https://www.metro.ca/en/online-grocery/search-page-498
MICROBRASSERIE CHARLEVOIX,"Extra Strong Tripel-Style Beer, Dominus Vobiscum",500 mL - bottle,"$5.79
 ea.",,$1.16 /100ml,,,,https://www.metro.ca/en/online-grocery/search-page-498
LIVE CLEAN,Exotic Nectar Argan Oil Restorative Shampoo,350 mL,"$7.99
 ea.",,$2.28 /100ml,,,https://product-images.metro.ca/images/h5f/h29/10390742466590.jpg,https://www.metro.ca/en/online-grocery/search-page-498
LA CHAUDIÈRE,Mamamia! Part Skim Mozzarella Cheese Slices,160 g,"$5.99
 ea.",,$3.74 /100g,,,https://product-images.metro.ca/images/h54/h6f/11574113370142.jpg,https://www.metro.ca/en/online-grocery/search-page-498
VILEDA,"Heavy Duty Dish Scouring Sponge Refills, Scrunge",2 un,"$2.99
 ea.",,$2.99 /un.,"Regular price
$4.29  ea.","Valid until Feb 7, 2024",,https://www.metro.ca/en/online-grocery/search-page-498
BEGGIN',"Bacon Flavoured Dog Treats, Strips",708 g,"$15.49
 ea.",,$2.19 /100g,,,,https://www.metro.ca/en/online-grocery/search-page-498
CEDAR,Pinto Beans,907 g,"$5.49
 ea.",,$0.61 /100g,,,https://product-images.metro.ca/images/hac/h75/8896299958302.jpg,https://www.metro.ca/en/online-grocery/search-page-498
,Bag Of Lychee,227 g,"$6.99
 ea.",,$3.08 /100g,,,https://product-images.metro.ca/images/h6a/hf2/8936214659102.jpg,https://www.metro.ca/en/online-grocery/search-page-498
,"Trimmed Pork, Beef And Chicken Cubes Trio",1 pack,"$22.02
 avg. ea.","(1,000 g avg.)",$22.02 /kg$9.99 /lb.,,,https://product-images.metro.ca/images/h56/h27/9231692300318.jpg,https://www.metro.ca/en/online-grocery/search-page-498
DION,Pure Ground Black Pepper,38 g,"$4.79
 ea.",,$12.61 /100g,,,https://product-images.metro.ca/images/hf5/hfe/8925808885790.jpg,https://www.metro.ca/en/online-grocery/search-page-498
IAMS,"Chicken Flavoured Dry Kitten Food, ProActive Health",1.59 kg,"$15.49
 ea.",,$0.97 /100g,"Regular price
$17.99  ea.","Valid until Jan 10, 2024",,https://www.metro.ca/en/online-grocery/search-page-498
IRRESISTIBLES,Pecan Halves,700 g,"$25.99
 ea.",,$3.71 /100g,"Regular price
$26.99  ea.","Valid until Jan 17, 2024",https://product-images.metro.ca/images/h38/hf0/9131797053470.jpg,https://www.metro.ca/en/online-grocery/search-page-498
AXE,Phoenix® Deodorant Bodyspray,113 g,"$6.99
 ea.",,$6.19 /100g,,,https://product-images.metro.ca/images/h27/he1/11730385633310.jpg,https://www.metro.ca/en/online-grocery/search-page-498
WHOLESOME,Organic Coconut Palm Sugar,454 g,"$10.49
 ea.",,$2.31 /100g,,,https://product-images.metro.ca/images/h8b/h9d/9515345149982.jpg,https://www.metro.ca/en/online-grocery/search-page-498
BELLE GUEULE,"Assorted Beer Pack, Quatuor",12x355 mL - cans,"$18.99
 ea.",,$0.45 /100ml,"Regular price
$19.99  ea.","Valid until Feb 7, 2024",,https://www.metro.ca/en/online-grocery/search-page-498
SARDO,"Calabrese Olives, Deli Market",500 mL,"$6.99
 ea.",,$1.40 /100ml,,,,https://www.metro.ca/en/online-grocery/search-page-498
AURORA,"Sweet Pickled Eggplants In Oil, Melenzane",500 mL,"$5.49
 ea.",,$1.10 /100ml,"Regular price
$6.29  ea.","Valid until Jan 24, 2024",,https://www.metro.ca/en/online-grocery/search-page-498
PREMIÈRE MOISSON,Traditional Caramel With Fleur De Sel,250 mL,"$8.99
 ea.",,$3.60 /100ml,,,https://product-images.metro.ca/images/hc6/hda/10904135335966.jpg,https://www.metro.ca/en/online-grocery/search-page-498
OGX,Damage Remedy Coconut Miracle Oil Extra Strenght Sha...,385 mL,"$10.99
 ea.",,$2.85 /100ml,"Regular price
$11.99  ea.","Valid until Feb 7, 2024",,https://www.metro.ca/en/online-grocery/search-page-498
NATURSOURCE,"Olive Oil And Sea Salt Seasoned Roasted Almonds, Oli...",550 g,"$13.99
 ea.",,$2.54 /100g,"Regular price
$14.99  ea.","Valid until Jan 10, 2024",,https://www.metro.ca/en/online-grocery/search-page-498
NIVEA,Smooth Replenishing Shea Butter Body Lotion,625 mL,"$10.99
 ea.",,$1.76 /100ml,,,https://product-images.metro.ca/images/h10/ha9/12018703728670.jpg,https://www.metro.ca/en/online-grocery/search-page-498
ATKINS & FRÈRES,Smoked Lobster Rillettes,120 g,"$7.99
 ea.",,$6.66 /100g,,,https://product-images.metro.ca/images/h33/h93/8842610802718.jpg,https://www.metro.ca/en/online-grocery/search-page-498
FARNHAM ALE & LAGER,"IPA Beer, 64",473 mL - can,"2 / 
$6.98",,$0.74 /100ml,"Regular price
$3.79  ea.","Valid until Feb 7, 2024",,https://www.metro.ca/en/online-grocery/search-page-499
IRINI,Extra Virgin Kalamata Olive Oil,750 mL,"$17.99
 ea.",,$2.40 /100ml,,,https://product-images.metro.ca/images/hfd/h8a/8963981377566.jpg,https://www.metro.ca/en/online-grocery/search-page-499
ARCTIC GARDENS,Frozen Whole Okras,250 g,"$2.49
 ea.",,$1.00 /100g,,,https://product-images.metro.ca/images/hd6/h79/12210148409374.jpg,https://www.metro.ca/en/online-grocery/search-page-499
GURU,Lite Energy Drink,4x250 mL,"$8.99
 ea.",,$0.90 /100ml,,,https://product-images.metro.ca/images/h8c/hfa/9512391933982.jpg,https://www.metro.ca/en/online-grocery/search-page-499
TRADITION,Sparkling Non-Alcoholic Apple Must,750 mL,"$5.99
 ea.",,$0.80 /100ml,"Regular price
$6.99  ea.","Valid until Jan 10, 2024",https://product-images.metro.ca/images/he0/h86/10052600954910.jpg,https://www.metro.ca/en/online-grocery/search-page-499
KRISPY KERNELS,Jumbo Peanuts In Shell,750 g,"$7.49
 ea.",,$1.00 /100g,,,https://product-images.metro.ca/images/h10/ha8/10183846690846.jpg,https://www.metro.ca/en/online-grocery/search-page-499
MONDOUX,"Assorted Licorice Mix, Sweet Sixteen",400 g,"$6.79
 ea.",,$1.70 /100g,,,,https://www.metro.ca/en/online-grocery/search-page-499
DION,Coriander Seeds,21 g,"$2.29
 ea.",,$10.90 /100g,"Regular price
$2.69  ea.","Valid until Feb 7, 2024",https://product-images.metro.ca/images/h4b/he4/10250249601054.jpg,https://www.metro.ca/en/online-grocery/search-page-499
BIC,Advance™ 3 Blades Disposable Razors For Sensitive Sk...,4 un,"$7.79
 ea.",,$1.95 /un.,,,,https://www.metro.ca/en/online-grocery/search-page-499
FOUR O'CLOCK,Green Tea,16 un,"$4.49
 ea.",,$0.28 /un.,"Regular price
$5.29  ea.","Valid until Feb 7, 2024",https://product-images.metro.ca/images/h9c/hd3/11511550378014.jpg,https://www.metro.ca/en/online-grocery/search-page-499
GAROFALO,Farfalle,500 g,"$4.29
 ea.",,$0.86 /100g,,,https://product-images.metro.ca/images/h89/h77/11642955956254.jpg,https://www.metro.ca/en/online-grocery/search-page-499
TODAY'S HOUSEWARES,Paper Coffee Filter,48 un,"$4.59
 ea.",,$4.59 /un.,,,https://product-images.metro.ca/images/hd1/hc6/8987492778014.jpg,https://www.metro.ca/en/online-grocery/search-page-499
POLIGRIP,Flavour Free Denture Adhesive Cream,40 g,"$5.99
 ea.",,$0.15 /g,,,https://product-images.metro.ca/images/h23/h98/11511456301086.jpg,https://www.metro.ca/en/online-grocery/search-page-499
NATURE VALLEY,"Coconut And Dark Chocolate Chewy Granola Bars, Trail...",160 g,"2 / 
$6.00",,or $3.99 ea. $1.88 /100g,,"Valid until Feb 7, 2024",,https://www.metro.ca/en/online-grocery/search-page-499
TRADITION,Sparkling Apple & Cranberry Juice,750 mL,"$5.49
 ea.",,$0.73 /100ml,"Regular price
$6.99  ea.","Valid until Jan 10, 2024",https://product-images.metro.ca/images/h2d/hcb/9532760227870.jpg,https://www.metro.ca/en/online-grocery/search-page-499
SNYDER'S OF HANOVER,Gluten Free Mini Pretzels,220 g,"$6.99
 ea.",,$3.18 /100g,,,https://product-images.metro.ca/images/h88/h6b/10020630560798.jpg,https://www.metro.ca/en/online-grocery/search-page-499
MARCANGELO,4 Italian Meats,175 g,"$13.49
 ea.",,$7.71 /100g,"Regular price
$14.49  ea.","Valid until Jan 17, 2024",https://product-images.metro.ca/images/hdb/h61/12174986739742.jpg,https://www.metro.ca/en/online-grocery/search-page-499
METROGO!,Seasoned Smoked Trout Fillet,,"$11.90
 avg. ea.",(200 g avg.),$59.50 /kg$26.99 /lb.,,,https://product-images.metro.ca/images/h16/h8e/12216205869086.jpg,https://www.metro.ca/en/online-grocery/search-page-499
SECRET,Protecting Powder Clear Gel Antiperspirant And Deodo...,45 g,"$5.99
 ea.",,$13.31 /100g,,,,https://www.metro.ca/en/online-grocery/search-page-499
CASA MEXICANA,Multigrain Corn Tortillas,340 g,"2 / 
$7.00",,$1.03 /100g,"Regular price
$3.99  ea.","Valid until Jan 17, 2024",https://product-images.metro.ca/images/hd7/h05/9176341774366.jpg,https://www.metro.ca/en/online-grocery/search-page-499
FOUR O'CLOCK,Digestive Herbal Tea Bags,20 un,"$5.99
 ea.",,$0.30 /un.,,,https://product-images.metro.ca/images/h3d/hee/12083916013598.jpg,https://www.metro.ca/en/online-grocery/search-page-499
,Organic Mint In A Pot,1 un,"$6.99
 ea.",,$6.99 /un.,,,https://product-images.metro.ca/images/hf3/h04/9917056548894.jpg,https://www.metro.ca/en/online-grocery/search-page-499
ENO,Antacid Effervescing Powder Packets,10 un,"$5.29
 ea.",,$0.53 /un.,,,https://product-images.metro.ca/images/hb3/h54/9915145420830.jpg,https://www.metro.ca/en/online-grocery/search-page-499
WALKERS,Gluten Free Ginger And Lemon Shortbread Cookies,140 g,"$4.99
 ea.",,$3.56 /100g,"Regular price
$6.99  ea.","Valid until Jan 24, 2024",https://product-images.metro.ca/images/he6/h5a/11892958429214.jpg,https://www.metro.ca/en/online-grocery/search-page-499
FRISKIES,"Wet Cat Food Variety Pack, Tasty Treasures",12x156 g,"$12.99
 ea.",,$0.69 /100g,,,,https://www.metro.ca/en/online-grocery/search-page-499
PATAK'S,Tikka Masala Curry Paste,284 mL,"$6.29
 ea.",,$2.21 /100ml,,,https://product-images.metro.ca/images/h0a/hcd/9973626961950.jpg,https://www.metro.ca/en/online-grocery/search-page-499
OGGI,Frozen Gluten Free Quattro Formaggi Pizza,450 g,"$12.49
 ea.",,$2.78 /100g,,,https://product-images.metro.ca/images/hcb/he1/11994757759006.jpg,https://www.metro.ca/en/online-grocery/search-page-499
FRESH GOURMET,Garlic Ginger Wonton Strips,99 g,"$3.99
 ea.",,$4.03 /100g,"Regular price
$4.99  ea.","Valid until Jan 10, 2024",https://product-images.metro.ca/images/h2b/hda/11257096536094.jpg,https://www.metro.ca/en/online-grocery/search-page-499
DION,Herbes De Provence,16 g,"$2.49
 ea.",,$15.56 /100g,"Regular price
$3.19  ea.","Valid until Feb 7, 2024",https://product-images.metro.ca/images/h0c/h19/8890243612702.jpg,https://www.metro.ca/en/online-grocery/search-page-499
IRRESISTIBLES,Grated Parmigiano Reggiano Cheese Aged 24 Months,1 piece,"$14.50
 avg. ea.",(242 g avg.),$59.90 /kg$27.17 /lb.,,,https://product-images.metro.ca/images/h89/hf2/9234574245918.jpg,https://www.metro.ca/en/online-grocery/search-page-499
NIVEA,"Sport Body, Face And Hair Shower Gel, Men",500 mL,"$6.99
 ea.",,$1.40 /100ml,,,,https://www.metro.ca/en/online-grocery/search-page-500
CLUB HOUSE,Celery Seeds,105 g,"$7.29
 ea.",,$6.94 /100g,,,https://product-images.metro.ca/images/h98/h3f/10685998694430.jpg,https://www.metro.ca/en/online-grocery/search-page-500
GILLETTE,"Sensitive Skin Shaving Gel With Aloe, Series",198 g,"$4.79
 ea.",,$2.42 /100g,,,,https://www.metro.ca/en/online-grocery/search-page-500
L'ORÉAL,Total Repair 5® Shampoo,385 mL,"$6.99
 ea.",,$1.82 /100ml,,,https://product-images.metro.ca/images/h72/h26/10307980951582.jpg,https://www.metro.ca/en/online-grocery/search-page-500
GERBER,"Multigrain Oatmeal With Fruit Baby Cereal, Stage 2",227 g,"$5.99
 ea.",,$2.64 /100g,"Regular price
$7.99  ea.","Valid until Feb 7, 2024",,https://www.metro.ca/en/online-grocery/search-page-500
DOVE,"Revive Antiperspirant Stick, Go Fresh",45 g,"$6.49
 ea.",,$14.42 /100g,,,,https://www.metro.ca/en/online-grocery/search-page-500
NUPASTA,Pre-Cooked Konjac Fettuccine,210 g,"$3.49
 ea.",,$1.66 /100g,"Regular price
$4.29  ea.","Valid until Jan 24, 2024",https://product-images.metro.ca/images/hbd/hb0/9533138370590.jpg,https://www.metro.ca/en/online-grocery/search-page-500
KÖNIG,German Pilsner Beer,4x500 mL - cans,"$10.99
 ea.",,$0.55 /100ml,,,https://product-images.metro.ca/images/h8e/h6b/8811880579102.jpg,https://www.metro.ca/en/online-grocery/search-page-500
ODENSE,Marzipan Almond Candy Dough,200 g,"$8.49
 ea.",,$4.25 /100g,,,https://product-images.metro.ca/images/h48/hd4/12083888390174.jpg,https://www.metro.ca/en/online-grocery/search-page-500
COATICOOK,Maple Flavoured Old-Fashioned Ice Milk,1 L,"$3.99
 ea.",,$0.40 /100ml,,,https://www.metro.ca/images/shared/placeholders/icon-no-picture.svg?v=2023.71.1.d1,https://www.metro.ca/en/online-grocery/search-page-500
BEGGIN',"Bacon And Cheese Flavoured Dog Treats, Chew-Rific",163 g,"$4.19
 ea.",,$2.57 /100g,,,,https://www.metro.ca/en/online-grocery/search-page-500
PATAK'S,Hot Curry Paste,284 mL,"$6.29
 ea.",,$2.21 /100ml,,,https://product-images.metro.ca/images/h52/h2a/9973653635102.jpg,https://www.metro.ca/en/online-grocery/search-page-500
,Organic Curly Parsley In A Pot,1 un,"$6.99
 ea.",,$6.99 /un.,,,https://product-images.metro.ca/images/h8e/h16/9917033676830.jpg,https://www.metro.ca/en/online-grocery/search-page-500
CORDON BLEU,"Meatballs In Gravy With Vegetables, Classics",665 g,"$9.49
 ea.",,$1.43 /100g,,,,https://www.metro.ca/en/online-grocery/search-page-500
CLUB HOUSE,"Maple Bacon Seasoning, La Grille",152 g,"$6.49
 ea.",,$4.27 /100g,,,,https://www.metro.ca/en/online-grocery/search-page-500
FEBREZE,"Hawaiian Aloha Scented Air Freshener Vent Clip, Car",1 un,"$4.99
 ea.",,$4.99 /un.,,,,https://www.metro.ca/en/online-grocery/search-page-500
ST-HUBERT,Frozen Spicy BBQ Chicken Wings,575 g,"$14.99
 ea.",,$2.61 /100g,"Regular price
$15.99  ea.","Valid until Jan 17, 2024",https://product-images.metro.ca/images/h19/haf/10152863662110.jpg,https://www.metro.ca/en/online-grocery/search-page-500
CASTELLO,"Extra Mature Cheddar Cheese, Tickler",200 g,"$8.00
 ea.",,$4.00 /100g,"Regular price
$9.79  ea.","Valid until Jan 10, 2024",,https://www.metro.ca/en/online-grocery/search-page-500
SPLENDA,No Calorie Sweetener,200 un - tablets,"$7.99
 ea.",,$0.04 /un.,,,https://product-images.metro.ca/images/hbb/h43/12018748031006.jpg,https://www.metro.ca/en/online-grocery/search-page-500
PATAK'S,Tandoori Curry Paste,284 mL,"$6.29
 ea.",,$2.21 /100ml,,,https://product-images.metro.ca/images/hc0/hc0/9973590786078.jpg,https://www.metro.ca/en/online-grocery/search-page-500
DOS EQUIS,Mexican Lager Beer,6x355 mL - bottles,"$13.49
 ea.",,$0.63 /100ml,"Regular price
$15.49  ea.","Valid until Feb 7, 2024",https://product-images.metro.ca/images/h49/h7a/9552945545246.jpg,https://www.metro.ca/en/online-grocery/search-page-500
CEDAR,Large Lima Beans,540 mL,"$3.29
 ea.",,$0.61 /100ml,"Regular price
$4.29  ea.","Valid until Jan 24, 2024",https://product-images.metro.ca/images/h7a/h1c/9719612047390.jpg,https://www.metro.ca/en/online-grocery/search-page-500
THEOBROMA,Pure Dark Chocolate 70% Cocoa Bar,80 g,"$5.29
 ea.",,$6.61 /100g,,,https://product-images.metro.ca/images/h07/hcc/12018724274206.jpg,https://www.metro.ca/en/online-grocery/search-page-500
GOGO QUINOA,Organic Rice And Amaranth Penne,227 g,"$4.69
 ea.",,$2.07 /100g,,,https://product-images.metro.ca/images/hd1/h0a/9859617587230.jpg,https://www.metro.ca/en/online-grocery/search-page-500
DOVE,"Extra Hold Hairspray, Style+Care",198 g,"$7.79
 ea.",,$3.93 /100g,,,,https://www.metro.ca/en/online-grocery/search-page-500
DERLEA,Sun Dried Tomatoes With Garlic And Herbs In Oil,250 mL,"$6.99
 ea.",,$2.80 /100ml,,,https://product-images.metro.ca/images/h70/h82/11243964465182.jpg,https://www.metro.ca/en/online-grocery/search-page-500
FRESHPET,"Chicken And Turkey Roll For Dogs, Select",680 g,"$8.79
 ea.",,$1.29 /100g,,,,https://www.metro.ca/en/online-grocery/search-page-500
LIPTON,Lemon Ginseng Flavoured Green Tea,72 un,"$8.99
 ea.",,$0.12 /un.,,,https://product-images.metro.ca/images/h71/h2c/11461760417822.jpg,https://www.metro.ca/en/online-grocery/search-page-500
DION,Star Anise,38 g,"$4.49
 ea.",,$9.98 /100g,"Regular price
$5.49  ea.","Valid until Feb 7, 2024",https://product-images.metro.ca/images/h1c/h27/10378901553182.jpg,https://www.metro.ca/en/online-grocery/search-page-500
HARVEST SUN,Organic Chicken Bouillon Cubes,66 g,"$3.49
 ea.",,$5.29 /100g,,,https://product-images.metro.ca/images/hb7/h6d/9529998442526.jpg,https://www.metro.ca/en/online-grocery/search-page-500
SCOTTIES,2-Ply Facial Tissues,9x100 un,"$12.29
 ea.",,$1.37 /100sheet,,,https://product-images.metro.ca/images/h8c/he8/10882740650014.jpg,https://www.metro.ca/en/online-grocery/search-page-501
IRRESISTIBLES,Milk Chocolate Covered Almonds,250 g,"$5.99
 ea.",,$2.40 /100g,,,https://product-images.metro.ca/images/h92/hb2/9519568683038.jpg,https://www.metro.ca/en/online-grocery/search-page-501
DOG CHOW,"Chicken Adult Dry Dog Food, Complete",8 kg,"$23.49
 ea.",,$0.29 /100g,,,,https://www.metro.ca/en/online-grocery/search-page-501
GARNIER,"Coconut Oil & Cocoa Butter Smoothing Conditioner, Wh...",370 ml,"$6.49
 ea.",,$1.75 /100ml,,,,https://www.metro.ca/en/online-grocery/search-page-501
FRESH GOURMET,Honey Roasted Sliced Almonds,99 g,"$4.99
 ea.",,$5.04 /100g,"Regular price
$5.99  ea.","Valid until Jan 10, 2024",https://product-images.metro.ca/images/h31/h1a/11191496114206.jpg,https://www.metro.ca/en/online-grocery/search-page-501
DION,Ground Cinnamon,60 g,"$4.19
 ea.",,$6.98 /100g,,,https://product-images.metro.ca/images/hca/h4b/10354872057886.jpg,https://www.metro.ca/en/online-grocery/search-page-501
SARDO,"Hot Kalamata Olives, Deli Market",250 mL,"$5.29
 ea.",,$2.12 /100ml,,,,https://www.metro.ca/en/online-grocery/search-page-501
DOMAINE DE LAVOIE,Quebec Red Wine,750 mL,"$14.29
 ea.",,$1.91 /100ml,,,https://product-images.metro.ca/images/h48/h64/10254768898078.jpg,https://www.metro.ca/en/online-grocery/search-page-501
AVEENO,Skin Relief Moisturizing Lotion With Shea Butter,532 ml,"$16.99
 ea.",,$3.19 /100ml,,,https://product-images.metro.ca/images/h11/h21/11432643166238.jpg,https://www.metro.ca/en/online-grocery/search-page-501
FARNHAM ALE & LAGER,"German-Style Hefeweizen Wheat Beer, 12",473 mL - can,"2 / 
$6.98",,$0.74 /100ml,"Regular price
$3.79  ea.","Valid until Feb 7, 2024",,https://www.metro.ca/en/online-grocery/search-page-501
PRANA,Organic Chocolate Bark With Hazelnuts And Crispy Rice,95 g,"$5.49
 ea.",,$5.78 /100g,,,https://product-images.metro.ca/images/h81/h5b/11816892694558.jpg,https://www.metro.ca/en/online-grocery/search-page-501
BROME LAKE DUCKS,Fresh Duck Leg,,"$6.87
 avg. ea.",(260 g avg.),$26.43 /kg$11.99 /lb.,,,https://product-images.metro.ca/images/hed/he5/8864867713054.jpg,https://www.metro.ca/en/online-grocery/search-page-501
PEPPERIDGE FARM,"White Cheddar Flavoured Baked Crackers, Goldfish",180 g,"$3.49
 ea.",,"Buy 2, get the 3rd free $1.94 /100g","Regular price
$4.19  ea.","Valid until Jan 10, 2024",,https://www.metro.ca/en/online-grocery/search-page-501
FINISH,Lemon Scented Gel Dishwasher Detergent,1.6 L,"$5.99
 ea.",,$0.37 /100ml,"Regular price
$7.29  ea.","Valid until Feb 7, 2024",https://product-images.metro.ca/images/hbc/hd8/9153992491038.jpg,https://www.metro.ca/en/online-grocery/search-page-501
COLGATE,"Soft Toothbrushes, 360°",2 un,"$10.79
 ea.",,$5.40 /un.,,,,https://www.metro.ca/en/online-grocery/search-page-501
GARNIER,Sleek And Shine™ Fortifying Shampoo For Frizzy Dry H...,370 mL,"$5.99
 ea.",,$1.62 /100ml,,,,https://www.metro.ca/en/online-grocery/search-page-501
DR. OETKER,"Strawberry Instant Dessert Mix, Mousse",69 g,"$2.99
 ea.",,$4.33 /100g,,,,https://www.metro.ca/en/online-grocery/search-page-501
FEVER-TREE,Ginger Beer,500 mL,"$3.79
 ea.",,$0.76 /100ml,"Regular price
$4.79  ea.","Valid until Jan 24, 2024",https://product-images.metro.ca/images/h91/h51/11126265217054.jpg,https://www.metro.ca/en/online-grocery/search-page-501
FROMAGERIE DU TERROIR DE BELLECHASSE,Le Désirable Maple Cheddar Aged 3 Months,140 g,"$8.99
 ea.",,$6.42 /100g,,,https://product-images.metro.ca/images/hcf/h3e/10161360535582.jpg,https://www.metro.ca/en/online-grocery/search-page-501
CHAMPIGNONS SAUVAGES,Dried Oyster Mushroom Mix,14 g,"$4.99
 ea.",,$35.64 /100g,,,https://www.metro.ca/images/shared/placeholders/icon-no-picture.svg?v=2023.71.1.d1,https://www.metro.ca/en/online-grocery/search-page-501
DEGREE,Sport Antiperspirant Stick,76 g,"$5.49
 ea.",,$7.22 /100g,,,https://product-images.metro.ca/images/hd8/h1a/11655000653854.jpg,https://www.metro.ca/en/online-grocery/search-page-501
MATILDE VICENZI,"Finger Biscuits, Lingue Di Gatto",100 g,"$3.49
 ea.",,$3.49 /100g,,,,https://www.metro.ca/en/online-grocery/search-page-501
PRANA,Organic Samadhi Tamari Almonds,150 g,"$7.49
 ea.",,$4.99 /100g,"Regular price
$8.29  ea.","Valid until Jan 24, 2024",https://product-images.metro.ca/images/h15/h39/10250165977118.jpg,https://www.metro.ca/en/online-grocery/search-page-501
COLGATE,ZigZag™ Soft Toothbrush,1 un,"$2.99
 ea.",,$2.99 /un.,,,https://product-images.metro.ca/images/h70/h9b/11735002120222.jpg,https://www.metro.ca/en/online-grocery/search-page-501
GAROFALO,Fusili Bucati Corti,500 g,"$4.29
 ea.",,$0.86 /100g,,,https://product-images.metro.ca/images/h2e/h1a/11642955825182.jpg,https://www.metro.ca/en/online-grocery/search-page-501
DEGREE,Pure Rain Scent Invisible Ultraclear Antiperspirant,48 g,"$5.49
 ea.",,$11.44 /100g,,,https://product-images.metro.ca/images/h9c/h32/11655037091870.jpg,https://www.metro.ca/en/online-grocery/search-page-501
SPEED STICK,Original Deodorant Stick,70 g,"$3.89
 ea.",,$5.56 /100g,,,https://product-images.metro.ca/images/h10/h17/9517941391390.jpg,https://www.metro.ca/en/online-grocery/search-page-501
CAKE MATE,Black Decorating Gel,19 g,"$2.79
 ea.",,$14.68 /100g,,,https://product-images.metro.ca/images/h43/h17/10040066539550.jpg,https://www.metro.ca/en/online-grocery/search-page-501
INÉWA,Kamut "Brioché" Epicurean Sliced Bread,550 g,"$4.29
 ea.",,$0.78 /100g,"Regular price
$5.49  ea.","Valid until Feb 14, 2024",,https://www.metro.ca/en/online-grocery/search-page-501
IRRESISTIBLES,Pitted Prunes,600 g,"$15.99
 ea.",,$2.67 /100g,,,https://product-images.metro.ca/images/h0b/hf7/9131783421982.jpg,https://www.metro.ca/en/online-grocery/search-page-501
SARDO,Sundried Tomato Pesto,228 g,"$6.29
 ea.",,$2.76 /100g,,,https://product-images.metro.ca/images/hd4/h56/11449597460510.jpg,https://www.metro.ca/en/online-grocery/search-page-502
DEGREE,Cool Comfort Antiperspirant Stick,76 g,"$5.49
 ea.",,$7.22 /100g,,,https://product-images.metro.ca/images/hf5/h4e/11655002685470.jpg,https://www.metro.ca/en/online-grocery/search-page-502
LIVE CLEAN,Exotic Nectar Argan Oil Restorative Conditioner,350 mL,"$7.99
 ea.",,$2.28 /100ml,,,https://product-images.metro.ca/images/h89/h24/10413224525854.jpg,https://www.metro.ca/en/online-grocery/search-page-502
GILLETTE,"Men'S Sensitivie Skin Disposable Razors, Mach3",3 un,"$13.49
 ea.",,$4.50 /un.,,,,https://www.metro.ca/en/online-grocery/search-page-502
777,Aromatic Long Grain Basmati Rice,4.54 kg,"$22.99
 ea.",,$0.51 /100g,,,https://product-images.metro.ca/images/hac/h58/8896310804510.jpg,https://www.metro.ca/en/online-grocery/search-page-502
CROFTER'S,Organic Strawberry Spread,235 mL,"$5.49
 ea.",,$2.34 /100ml,,,https://product-images.metro.ca/images/h38/h25/8845419413534.jpg,https://www.metro.ca/en/online-grocery/search-page-502
PATAK'S,Vindaloo Curry Paste,284 mL,"$6.29
 ea.",,$2.21 /100ml,,,https://product-images.metro.ca/images/h0c/h81/9973588656158.jpg,https://www.metro.ca/en/online-grocery/search-page-502
LADY SPEED STICK,Cool And Fresh Antiperspirant Stick,45 g,"$3.89
 ea.",,$8.64 /100g,,,https://product-images.metro.ca/images/h9c/hf1/12050607112222.jpg,https://www.metro.ca/en/online-grocery/search-page-502
BLAZE,Balsamic Vinegar Of Modena Glaze,215 mL,"$11.99
 ea.",,$5.58 /100ml,,,https://product-images.metro.ca/images/h23/hb3/11386215464990.jpg,https://www.metro.ca/en/online-grocery/search-page-502
AMY'S,Cream Of Tomato Ready To Serve Soup,398 mL,"$5.99
 ea.",,$1.51 /100ml,,,https://product-images.metro.ca/images/h9f/h79/12050774818846.jpg,https://www.metro.ca/en/online-grocery/search-page-502
LE PAIN DES FLEURS,Organic Buckwheat Crispbread,150 g,"$5.49
 ea.",,$3.66 /100g,"Regular price
$6.49  ea.","Valid until Jan 24, 2024",https://product-images.metro.ca/images/h63/h33/12191689900062.jpg,https://www.metro.ca/en/online-grocery/search-page-502
RED BULL,"Energy Drink, Sugar Free",473 mL,"2 / 
$8.50",,$0.90 /100ml,"Regular price
$5.49  ea.","Valid until Jan 24, 2024",https://product-images.metro.ca/images/hdd/h8f/10175667109918.jpg,https://www.metro.ca/en/online-grocery/search-page-502
NEWCASTLE,Brown Ale Beer,4x500 mL - cans,"$13.49
 ea.",,$0.67 /100ml,"Regular price
$15.49  ea.","Valid until Feb 7, 2024",https://product-images.metro.ca/images/h7b/h81/10300074098718.jpg,https://www.metro.ca/en/online-grocery/search-page-502
SELECTION,Rawhide Jerky Dog Treats,6 un,"$3.29
 ea.",,$54.83 /100un.,,,https://product-images.metro.ca/images/h0c/ha0/8982880780318.jpg,https://www.metro.ca/en/online-grocery/search-page-502
BRÛLERIE ST-DENIS,Java Sunrise™ Blend Whole Coffe Beans,300 g,"$14.99
 ea.",,$5.00 /100g,,,https://product-images.metro.ca/images/h49/h8f/11292705521694.jpg,https://www.metro.ca/en/online-grocery/search-page-502
OXICLEAN,"Laundry Stain Fighter Power Paks, Max Force",18 loads,"$10.49
 ea.",,$0.58 /un.,,,,https://www.metro.ca/en/online-grocery/search-page-502
COLGATE,ZigZag™ Medium Toothbrush,1 un,"$2.99
 ea.",,$2.99 /un.,,,https://product-images.metro.ca/images/hc2/h6c/11735019946014.jpg,https://www.metro.ca/en/online-grocery/search-page-502
HEINZ,Oatmeal Cereal Without Milk For Beginners,227 g,"$5.29
 ea.",,$2.33 /100g,,,https://product-images.metro.ca/images/h82/hc6/9986719186974.jpg,https://www.metro.ca/en/online-grocery/search-page-502
HAIKU,Thai Curry Soup,398 mL,"$4.39
 ea.",,$1.10 /100ml,"Regular price
$4.99  ea.","Valid until Jan 24, 2024",https://product-images.metro.ca/images/h35/hdb/11307086348318.jpg,https://www.metro.ca/en/online-grocery/search-page-502
METROGO!,Traditionally Smoked Boneless Pork Loin Roast,,"$7.04
 avg. ea.",(400 g avg.),$17.61 /kg$7.99 /lb.,,,https://product-images.metro.ca/images/h0d/h68/9233900470302.jpg,https://www.metro.ca/en/online-grocery/search-page-502
DOLE,"Pineapple, Passion And Mango Juice Cocktail",12x340 mL,"$7.79
 ea.",,$0.19 /100ml,,,https://product-images.metro.ca/images/h87/h7c/10135770267678.jpg,https://www.metro.ca/en/online-grocery/search-page-502
U BY KOTEX,"Light Absorbency Long Lenght Liners, Security",96 un,"$9.29
 ea.",,$0.10 /un.,,,,https://www.metro.ca/en/online-grocery/search-page-502
LE TROU DU DIABLE MICROBREWERY,"Extra Strong Divine Ale Beer, La Buteuse",600 mL - bottle,"4 / 
$22.00",,or $7.99 ea. $0.92 /100ml,,"Valid until Feb 7, 2024",,https://www.metro.ca/en/online-grocery/search-page-502
GOOD COOK,Flat Stainless Steel Grater,1 un,"$4.19
 ea.",,$4.19 /un.,,,https://product-images.metro.ca/images/hed/hfb/9182993612830.jpg,https://www.metro.ca/en/online-grocery/search-page-502
THEOBROMA,Organic Dark Chocolate 60% Cocoa With Espresso Coffe...,35 g,"$2.29
 ea.",,$6.54 /100g,"Regular price
$2.69  ea.","Valid until Jan 24, 2024",,https://www.metro.ca/en/online-grocery/search-page-502
PRANA,Organic Sea Salted Cashews,150 g,"$7.99
 ea.",,$5.33 /100g,"Regular price
$8.99  ea.","Valid until Jan 24, 2024",https://product-images.metro.ca/images/h67/h10/10471947108382.jpg,https://www.metro.ca/en/online-grocery/search-page-502
LAURA SECORD,Chocolate Duo Mousse Cakes,2x90 g,"2 / 
$14.00",,or $8.79 ea. $4.12 /100g,,"Valid until Jan 17, 2024",https://product-images.metro.ca/images/h3a/h51/10139595374622.jpg,https://www.metro.ca/en/online-grocery/search-page-502
GOGO QUINOA,"Organic Tri-Color Quinoa, Quinoa Royal",500 g,"$7.99
 ea.",,$1.60 /100g,,,,https://www.metro.ca/en/online-grocery/search-page-502
PRINGLES,"Bbq Chips, Grab & Go",39 g,"$1.49
 ea.",,$3.82 /100g,,,,https://www.metro.ca/en/online-grocery/search-page-502
G-U-M,"Flossers With Mint Flavoured Extra Strong Floss, Eez...",90 un,"$3.29
 ea.",,$0.04 /un.,,,,https://www.metro.ca/en/online-grocery/search-page-502
SQUID BRAND,Fish Sauce,300 mL,"$3.99
 ea.",,$1.33 /100ml,"Regular price
$4.79  ea.","Valid until Jan 24, 2024",https://product-images.metro.ca/images/hb4/h53/11665396170782.jpg,https://www.metro.ca/en/online-grocery/search-page-503
MONSTER,Zero Ultra Energy Drink,4x473 mL,"$9.79
 ea.",,$0.52 /100ml,"Regular price
$12.99  ea.","Valid until Jan 24, 2024",https://product-images.metro.ca/images/hb2/h43/10962329796638.jpg,https://www.metro.ca/en/online-grocery/search-page-503
NUPASTA,Pre-Cooked Konjac Angel Hair Pasta,210 g,"$3.49
 ea.",,$1.66 /100g,"Regular price
$4.29  ea.","Valid until Jan 24, 2024",https://product-images.metro.ca/images/h12/h53/9533097115678.jpg,https://www.metro.ca/en/online-grocery/search-page-503
SELECTION,Frozen Cheddar And Bacon Stuffed Chicken Cutlets,284 g,"$5.49
 ea.",,$1.93 /100g,"Regular price
$6.99  ea.","Valid until Jan 10, 2024",https://product-images.metro.ca/images/h18/hc0/10405059100702.jpg,https://www.metro.ca/en/online-grocery/search-page-503
GARNIER,"Clean And Fresh® Fortifyng Shampoo For Nomal Hair, F...",370 mL,"$5.99
 ea.",,$1.62 /100ml,,,,https://www.metro.ca/en/online-grocery/search-page-503
DOVE,"Flexible Hold Hairspray, Style+Care",198 g,"$6.49
 ea.",,$3.28 /100g,,,,https://www.metro.ca/en/online-grocery/search-page-503
,Organic Italian Flat Leaf Parsley In A Pot,1 un,"$6.99
 ea.",,$6.99 /un.,,,https://product-images.metro.ca/images/h94/he2/11511739252766.jpg,https://www.metro.ca/en/online-grocery/search-page-503
CAPRINA,Fragrance Free Fresh Goat'S Milk Soap Bar,141 g,"$2.99
 ea.",,$2.12 /100g,,,https://product-images.metro.ca/images/h7b/h54/9532710256670.jpg,https://www.metro.ca/en/online-grocery/search-page-503
BITBURGER,"German Non-Alcoholic Beer, Drive",4x500 mL - cans,"$9.99
 ea.",,$0.50 /100ml,"Regular price
$10.99  ea.","Valid until Feb 7, 2024",,https://www.metro.ca/en/online-grocery/search-page-503
LA ROCCA,Brownie Chocolate Cheesecake,640 g,"$23.99
 ea.",,$4.00 /100g,,,https://product-images.metro.ca/images/h1a/h89/8861674864670.jpg,https://www.metro.ca/en/online-grocery/search-page-503
VITABIO,Organic Tomato Paste,156 mL,"$2.79
 ea.",,$1.79 /100ml,,,https://product-images.metro.ca/images/hb6/h1c/8854189015070.jpg,https://www.metro.ca/en/online-grocery/search-page-503
SNYDER'S OF HANOVER,Gluten Free Pretzel Sticks,220 g,"$6.99
 ea.",,$3.18 /100g,,,https://product-images.metro.ca/images/h0f/hc4/11675994193950.jpg,https://www.metro.ca/en/online-grocery/search-page-503
IRRESISTIBLES,Crushed Cayenne Pepper,40 g,"$2.49
 ea.",,$6.23 /100g,,,https://product-images.metro.ca/images/hdd/h4d/12083921879070.jpg,https://www.metro.ca/en/online-grocery/search-page-503
BUCKLEY,Cough & Congestion Syrup,200 ml,"$13.99
 ea.",,$7.00 /100ml,,,https://product-images.metro.ca/images/h03/h6e/10918243172382.jpg,https://www.metro.ca/en/online-grocery/search-page-503
NATUR,All Natural Almond Butter,460 g,"$15.99
 ea.",,$3.48 /100g,,,https://product-images.metro.ca/images/ha9/hf5/9836331204638.jpg,https://www.metro.ca/en/online-grocery/search-page-503
CYRCHES,Vegetables Dehydrated Broth,150 g,"$4.19
 ea.",,$2.79 /100g,,,https://product-images.metro.ca/images/h63/h30/10170608779294.jpg,https://www.metro.ca/en/online-grocery/search-page-503
FAVUZZI,Basil Tomato Sauce,480 mL,"$7.99
 ea.",,$1.66 /100ml,,,https://product-images.metro.ca/images/hf0/h5b/9533176021022.jpg,https://www.metro.ca/en/online-grocery/search-page-503
NUPASTA,Pre-Cooked Konjac Spaghetti,210 g,"$3.49
 ea.",,$1.66 /100g,"Regular price
$4.29  ea.","Valid until Jan 24, 2024",https://product-images.metro.ca/images/h9e/h4c/9533107961886.jpg,https://www.metro.ca/en/online-grocery/search-page-503
L'ORÉAL,Extraordinary Oil™ Shampoo,385 mL,"$6.99
 ea.",,$1.82 /100ml,,,https://product-images.metro.ca/images/h50/hc3/11590666944542.jpg,https://www.metro.ca/en/online-grocery/search-page-503
SENSODYNE,"Cleansing Mint Daily Anti-Cavity Toothpaste, ProNamel",75 ml,"$5.99
 ea.",,$7.99 /100ml,,,,https://www.metro.ca/en/online-grocery/search-page-503
MONSTER,Mango Loco Flavoured Punch Energy Drink,473 mL,"2 / 
$5.50",,$0.58 /100ml,"Regular price
$3.99  ea.","Valid until Jan 24, 2024",https://product-images.metro.ca/images/hf3/h31/10905669402654.jpg,https://www.metro.ca/en/online-grocery/search-page-503
DION,Crushed Red Pepper,62 g,"$4.19
 ea.",,$6.76 /100g,,,https://product-images.metro.ca/images/h74/hfc/10378926882846.jpg,https://www.metro.ca/en/online-grocery/search-page-503
CEDAR,Rose Water,250 mL,"$2.99
 ea.",,$1.20 /100ml,,,https://product-images.metro.ca/images/h80/ha1/9742407663646.jpg,https://www.metro.ca/en/online-grocery/search-page-503
KIND,Peanut Butter And Dark Chocolate Granola Bars,40 g,"$1.99
 ea.",,$4.98 /100g,"Regular price
$2.19  ea.","Valid until Feb 7, 2024",https://product-images.metro.ca/images/h7e/h2c/11679638585374.jpg,https://www.metro.ca/en/online-grocery/search-page-503
INTERMIEL,Golden Liquid Clover Honey,500 g,"$7.99
 ea.",,$1.60 /100g,,,https://product-images.metro.ca/images/h48/h5d/9280193036318.jpg,https://www.metro.ca/en/online-grocery/search-page-503
LA CUISINE À CHRISTINE,Frozen Sautéed Chicken And Vegetable Meal,325 g,"$9.99
 ea.",,$2.85 /100g,,,https://product-images.metro.ca/images/h9e/hc3/10053794529310.jpg,https://www.metro.ca/en/online-grocery/search-page-503
CROFTER'S,Organic Raspberry Spread,235 mL,"$5.49
 ea.",,$2.34 /100ml,,,https://product-images.metro.ca/images/he9/had/8845024002078.jpg,https://www.metro.ca/en/online-grocery/search-page-503
BLUE MONKEY,Pure Organic Coconut Water,1 L,"$5.79
 ea.",,$0.58 /100ml,,,https://product-images.metro.ca/images/h3d/hc4/9518198685726.jpg,https://www.metro.ca/en/online-grocery/search-page-503
STARBUCKS,"Vanilla Flavoured Fortified Coffee Drink, Doubleshot",444 mL,"$3.99
 ea.",,$0.90 /100ml,,,,https://www.metro.ca/en/online-grocery/search-page-503
NESTLÉ,"Frozen Kit Kat® Sticks, Kit Kat",5x80 mL,"$5.99
 ea.",,$1.50 /100ml,"Regular price
$8.79  ea.","Valid until Jan 24, 2024",,https://www.metro.ca/en/online-grocery/search-page-503
CITADELLE,100% Pure Maple Spread,260 g,"$7.99
 ea.",,$3.07 /100g,,,https://product-images.metro.ca/images/h77/h5a/9515075010590.jpg,https://www.metro.ca/en/online-grocery/search-page-504
L'ORÉAL,Total Repair 5® Conditioner,385 mL,"$6.99
 ea.",,$1.82 /100ml,,,https://product-images.metro.ca/images/h24/h2e/11590575128606.jpg,https://www.metro.ca/en/online-grocery/search-page-504
METROGO!,Sriracha Pollock And Crab Meat Salad Rolls,,"$3.99
 ea.",(115 ea. avg.),$3.47 /100g,,,https://product-images.metro.ca/images/hbd/hfd/12216226021406.jpg,https://www.metro.ca/en/online-grocery/search-page-504
LA MILANAISE,Organic Hulled Barley,500 g,"$3.99
 ea.",,$0.80 /100g,,,https://product-images.metro.ca/images/h58/h70/10792037908510.jpg,https://www.metro.ca/en/online-grocery/search-page-504
DOVE,Dry Shampoo,142 g,"$7.79
 ea.",,$5.49 /100g,,,https://product-images.metro.ca/images/h12/h1d/12073354985502.jpg,https://www.metro.ca/en/online-grocery/search-page-504
NATURSOURCE,Crunch Salad Topper,575 g,"$13.99
 ea.",,$2.43 /100g,,,https://product-images.metro.ca/images/h60/h21/9883044511774.jpg,https://www.metro.ca/en/online-grocery/search-page-504
DION,Tarragon,8 g,"$3.69
 ea.",,$46.13 /100g,,,https://product-images.metro.ca/images/h3b/h9f/8887912890398.jpg,https://www.metro.ca/en/online-grocery/search-page-504
FOUR O'CLOCK,"Jasmine Green Tea Bags, Organic Fairtrade",16 un,"$4.49
 ea.",,$0.28 /un.,"Regular price
$5.29  ea.","Valid until Feb 7, 2024",,https://www.metro.ca/en/online-grocery/search-page-504
LES COCOTTES,Alcohol-Free French White Wine,750 mL,"$7.99
 ea.",,$1.07 /100ml,"Regular price
$8.99  ea.","Valid until Feb 7, 2024",https://product-images.metro.ca/images/h23/h50/8981660270622.jpg,https://www.metro.ca/en/online-grocery/search-page-504
MAISON ORPHÉE,Organic Yellow Mustard With Turmeric,250 mL,"$4.79
 ea.",,$1.92 /100ml,,,https://www.metro.ca/images/shared/placeholders/icon-no-picture.svg?v=2023.71.1.d1,https://www.metro.ca/en/online-grocery/search-page-504
BIO-K+,Mango Flavoured Fermented Soy With Probiotics,6x98 g,"$21.99
 ea.",,$3.74 /100g,"Regular price
$24.99  ea.","Valid until Feb 14, 2024",https://product-images.metro.ca/images/h8d/h71/10239164481566.jpg,https://www.metro.ca/en/online-grocery/search-page-504
NESCAFÉ,Rich And Smooth Medium Roast Arabica K-Cup® Coffee P...,30 un,"$21.49
 ea.",,$71.63 /100un.,,,,https://www.metro.ca/en/online-grocery/search-page-504
SELECTION,Sunflower Seeds For Wild Birds,3.63 kg,"$14.99
 ea.",,$0.42 /100g,,,https://product-images.metro.ca/images/hb8/h08/8831439601694.jpg,https://www.metro.ca/en/online-grocery/search-page-504
LABATT,"Blonde Ale Beer, 50",740 mL - can,"$5.49
 ea.",,$0.74 /100ml,,,,https://www.metro.ca/en/online-grocery/search-page-504
DION,Ground Sage,18 g,"$2.99
 ea.",,$16.61 /100g,"Regular price
$3.19  ea.","Valid until Feb 7, 2024",https://product-images.metro.ca/images/hab/h59/10278122094622.jpg,https://www.metro.ca/en/online-grocery/search-page-504
NIVEA,Creme Sensitive™ Shower Cream For Sensitive Skin Wit...,500 ml,"$6.99
 ea.",,$1.40 /100ml,,,,https://www.metro.ca/en/online-grocery/search-page-504
PATAK'S,Major Grey Chutney,250 mL,"$6.79
 ea.",,$2.72 /100ml,,,https://product-images.metro.ca/images/he8/hde/9973572435998.jpg,https://www.metro.ca/en/online-grocery/search-page-504
WALTER,Original Caesar Rim Seasoning,140 g,"$5.99
 ea.",,$4.28 /100g,,,https://product-images.metro.ca/images/h6b/h25/9342888411166.jpg,https://www.metro.ca/en/online-grocery/search-page-504
LE PAIN DES FLEURS,Organic Quinoa Crispbread,150 g,"$6.99
 ea.",,$4.66 /100g,"Regular price
$8.79  ea.","Valid until Jan 24, 2024",https://product-images.metro.ca/images/h16/he0/12191693340702.jpg,https://www.metro.ca/en/online-grocery/search-page-504
GRIZZLY,Previously Frozen Sliced Smoked Sockeye Salmon,60 g,"$8.99
 ea.",,$14.98 /100g,,,https://product-images.metro.ca/images/hb1/h61/11449562628126.jpg,https://www.metro.ca/en/online-grocery/search-page-504
DEGREE,"Adventure Antiperspirant Stick, Motion Sense",76 g,"$5.99
 ea.",,$7.88 /100g,,,,https://www.metro.ca/en/online-grocery/search-page-504
CAPRINA,Foaming Fresh Goat'S Milk Bath,800 ml,"$5.99
 ea.",,$0.75 /100ml,,,https://product-images.metro.ca/images/hb2/h56/9532676046878.jpg,https://www.metro.ca/en/online-grocery/search-page-504
L'ORÉAL KIDS,Burst Of Orange-Mango Extra Gentle 2-In-1 Shampoo,265 ml,"$6.99
 ea.",,$2.64 /100ml,,,https://product-images.metro.ca/images/h58/hfa/12174854291486.jpg,https://www.metro.ca/en/online-grocery/search-page-504
PATAK'S,Plain Pappadums,100 g,"$4.69
 ea.",,$4.69 /100g,,,https://product-images.metro.ca/images/h42/hb4/10268220031006.jpg,https://www.metro.ca/en/online-grocery/search-page-504
MILLE FLEURS,Onion And Cranberry Confit,250 mL,"$7.99
 ea.",,$3.20 /100ml,,,https://product-images.metro.ca/images/h93/h2d/8897153040414.jpg,https://www.metro.ca/en/online-grocery/search-page-504
CARLING,"Strong Lager Beer, Black Label Dry",710 mL - can,"$3.79
 ea.",,$0.53 /100ml,,,,https://www.metro.ca/en/online-grocery/search-page-504
,Orange For Juice,Sold individually,"$0.94
 avg. ea.",(172 g avg.),$5.49 /kg$2.49 /lb.,,,https://product-images.metro.ca/images/hcf/h64/8881636966430.jpg,https://www.metro.ca/en/online-grocery/search-page-504
BORÉALE,Pale Ale Beer,6x355 mL - cans,"$11.99
 ea.",,$0.56 /100ml,,,https://product-images.metro.ca/images/h65/h1c/9453995851806.jpg,https://www.metro.ca/en/online-grocery/search-page-504
WERNLI,Choco Petit Beurre Au Lait Milk Chocolate Cookies,125 g,"$5.49
 ea.",,$4.39 /100g,,,https://product-images.metro.ca/images/h67/h12/9176761106462.jpg,https://www.metro.ca/en/online-grocery/search-page-504
BALATTI,Pesto,270 g,"$9.99
 ea.",,$3.70 /100g,,,https://product-images.metro.ca/images/h42/he0/8911338209310.jpg,https://www.metro.ca/en/online-grocery/search-page-504
CAPRINA,Fresh Goat'S Milk Soap Bars With Shea Butter,3x90 g,"$6.49
 ea.",,$2.40 /100g,,,https://product-images.metro.ca/images/h91/hd4/12050607407134.jpg,https://www.metro.ca/en/online-grocery/search-page-505
,Large Nectarine,,"$2.25
 avg. ea.",(170 g avg.),$13.21 /kg$5.99 /lb.,,,https://product-images.metro.ca/images/hf7/h38/8893412212766.jpg,https://www.metro.ca/en/online-grocery/search-page-505
IRRESISTIBLES,Ground Celery Seeds,55 g,"$1.99
 ea.",,$3.62 /100g,,,https://product-images.metro.ca/images/h33/h76/9668850712606.jpg,https://www.metro.ca/en/online-grocery/search-page-505
IRRESISTIBLES,Garlic Salt,120 g,"$3.49
 ea.",,$2.91 /100g,,,https://product-images.metro.ca/images/hf2/h52/9719684792350.jpg,https://www.metro.ca/en/online-grocery/search-page-505
MAISON ORPHÉE,Greek Dressing,250 mL,"$5.29
 ea.",,$2.12 /100ml,,,https://product-images.metro.ca/images/h7b/h9a/10072177934366.jpg,https://www.metro.ca/en/online-grocery/search-page-505
TAMPAX,Unscented Super Absorbency Tampons With Plastic Appl...,36 un,"$10.99
 ea.",,$0.31 /un.,,,,https://www.metro.ca/en/online-grocery/search-page-505
INCOGNITO,Overnight Maximom Pads With Comfort Tabs,14 un,"$5.29
 ea.",,$0.38 /un.,,,https://product-images.metro.ca/images/h2b/h69/9258178084894.jpg,https://www.metro.ca/en/online-grocery/search-page-505
KIND,"Caramel,Almond And Sea Salt Nut Bar",40 g,"$1.99
 ea.",,$4.98 /100g,"Regular price
$2.19  ea.","Valid until Feb 7, 2024",https://product-images.metro.ca/images/h66/h9d/11679620104222.jpg,https://www.metro.ca/en/online-grocery/search-page-505
DION,Italian Seasoning,52 g,"$4.19
 ea.",,$8.06 /100g,,,https://product-images.metro.ca/images/h38/h8c/10378919772190.jpg,https://www.metro.ca/en/online-grocery/search-page-505
DUHAIME,"Orange, Cranberry & Vodka Spread For Cheese",60 mL,"$4.29
 ea.",,$7.15 /100ml,,,https://product-images.metro.ca/images/hd8/he1/9533189914654.jpg,https://www.metro.ca/en/online-grocery/search-page-505
GAROFALO,Casarecce,500 g,"$4.29
 ea.",,$0.86 /100g,,,https://product-images.metro.ca/images/h6b/h16/11994770014238.jpg,https://www.metro.ca/en/online-grocery/search-page-505
INCOGNITO,Extra Long Hypoallergenic Pantiliners With Odour Con...,34 un,"$5.29
 ea.",,$0.16 /un.,,,,https://www.metro.ca/en/online-grocery/search-page-505
VAN HOUTTE,"Italian Espresso Dark Coffee Beans, Classic Collection",650 g,"$19.99
 ea.",,$3.08 /100g,,,,https://www.metro.ca/en/online-grocery/search-page-505
FARNHAM ALE & LAGER,"British Style Red Bitter Beer, 35",473 mL - can,"2 / 
$6.98",,$0.74 /100ml,"Regular price
$3.79  ea.","Valid until Feb 7, 2024",,https://www.metro.ca/en/online-grocery/search-page-505
BETTY CROCKER,Gluten Free Devil'S Food Cake Mix,425 g,"$7.49
 ea.",,$1.76 /100g,,,https://product-images.metro.ca/images/h36/h6b/9883011842078.jpg,https://www.metro.ca/en/online-grocery/search-page-505
GILLETTE,"Sensitive Disposable Razors, Venus Sensitive",3 un,"$13.49
 ea.",,$4.50 /un.,,,,https://www.metro.ca/en/online-grocery/search-page-505
DEGREE,Invisible Shower Clean Antiperspirant Stick,74 g,"$5.49
 ea.",,$7.22 /100g,,,https://product-images.metro.ca/images/h0d/h02/11655037190174.jpg,https://www.metro.ca/en/online-grocery/search-page-505
CLUB HOUSE,"Salt-Free Herb And Pepper Seasoning, Blends",117 g,"$6.49
 ea.",,$5.55 /100g,,,,https://www.metro.ca/en/online-grocery/search-page-505
PRANA,Organic Maple Nuts,150 g,"$7.49
 ea.",,$4.99 /100g,"Regular price
$8.29  ea.","Valid until Jan 24, 2024",https://product-images.metro.ca/images/h5c/h01/10286949072926.jpg,https://www.metro.ca/en/online-grocery/search-page-505
LA CHAUDIÈRE,Ben D'Adon! Part Skim Cheese,340 g,"$8.99
 ea.",,$2.64 /100g,,,https://product-images.metro.ca/images/h79/hb0/11205021663262.jpg,https://www.metro.ca/en/online-grocery/search-page-505
PEDIGREE,"Fresh Oral Care Treats For Large Dogs, Denta Stix",608 g,"$10.99
 ea.",,$1.81 /100g,"Regular price
$12.49  ea.","Valid until Jan 24, 2024",,https://www.metro.ca/en/online-grocery/search-page-505
JAMIESON,Chocolate Mint Flavoured Melatonin,100 un,"$14.99
 ea.",,$0.15 /un.,,,https://product-images.metro.ca/images/h59/h87/12083934756894.jpg,https://www.metro.ca/en/online-grocery/search-page-505
CAKE MATE,Decorating Blue Gel,19 g,"$2.79
 ea.",,$14.68 /100g,,,https://product-images.metro.ca/images/h87/ha2/10040025841694.jpg,https://www.metro.ca/en/online-grocery/search-page-505
PEPSI,Soft Drink,355 mL,"$1.09
 ea.",,$0.31 /100ml,,,https://product-images.metro.ca/images/h04/h44/9894697533470.jpg,https://www.metro.ca/en/online-grocery/search-page-505
CAKE MATE,Glow In The Dark Candles,10 un,"$4.19
 ea.",,$0.42 /un.,,,https://product-images.metro.ca/images/hc3/h5d/10455886594078.jpg,https://www.metro.ca/en/online-grocery/search-page-505
MERIT,Boston Cake With Fruits,945 g,"$22.49
 ea.",,$2.37 /100g,,,https://product-images.metro.ca/images/h2c/h9e/11522768732190.jpg,https://www.metro.ca/en/online-grocery/search-page-505
SENSODYNE,Complete Protection Toothpaste For Sensitive Teeth,75 ml,"$7.79
 ea.",,$10.39 /100ml,,,https://product-images.metro.ca/images/h5d/h44/11735064543262.jpg,https://www.metro.ca/en/online-grocery/search-page-505
AQUA FUCHSIA,Onion Shoots,50 g,"$3.99
 ea.",,$7.98 /100g,,,https://product-images.metro.ca/images/h89/h17/8858908721182.jpg,https://www.metro.ca/en/online-grocery/search-page-505
JAMIESON,Zinc,100 un,"$14.99
 ea.",,$0.15 /un.,,,https://product-images.metro.ca/images/hf9/h6c/11574131785758.jpg,https://www.metro.ca/en/online-grocery/search-page-505
AQUA FUCHSIA,Wild Garlic Shoots,50 g,"$3.99
 ea.",,$7.98 /100g,,,https://product-images.metro.ca/images/h05/h77/9308049506334.jpg,https://www.metro.ca/en/online-grocery/search-page-505
MISURA,Egg And Milk Free Honey Flavoured Cookies,400 g,"$4.69
 ea.",,$1.17 /100g,"Regular price
$5.49  ea.","Valid until Jan 24, 2024",https://product-images.metro.ca/images/h1a/ha8/10938865778718.jpg,https://www.metro.ca/en/online-grocery/search-page-506
ZIP,Original Cube Firestarters,32 un,"$5.99
 ea.",,$1.82 /100g,,,https://product-images.metro.ca/images/h85/he3/9533513957406.jpg,https://www.metro.ca/en/online-grocery/search-page-506
IRRESISTIBLES,Salted Smoked Almonds,300 g,"$9.99
 ea.",,$3.33 /100g,,,https://product-images.metro.ca/images/h3f/h34/9051583709214.jpg,https://www.metro.ca/en/online-grocery/search-page-506
SIMILAC,Powder Milk-Based Infant Formula For Babies 6-24 Mon...,850 g,"$33.29
 ea.",,$3.92 /100g,,,,https://www.metro.ca/en/online-grocery/search-page-506
DORITOS,"Rolled Cheese Flavoured Tortilla Chips, Dinamita Chi...",280 g,"2 / 
$8.50",,or $4.99 ea. $1.52 /100g,,"Valid until Jan 24, 2024",,https://www.metro.ca/en/online-grocery/search-page-506
LACTANTIA,3.25% Lactose Free Homogenized Milk,1.5 L,"$5.99
 ea.",,$0.40 /100ml,,,https://product-images.metro.ca/images/hfd/h0f/11354274725918.jpg,https://www.metro.ca/en/online-grocery/search-page-506
OLD SPICE,"Wolfthorn Scented Aluminum Free Deodorant Stick, Wil...",85 g,"$8.99
 ea.",,$10.58 /100g,,,,https://www.metro.ca/en/online-grocery/search-page-506
LA COSTEÑA,Green Pickled Jalapeño Peppers,330 mL,"$3.29
 ea.",,$1.00 /100ml,"Regular price
$3.69  ea.","Valid until Jan 24, 2024",https://product-images.metro.ca/images/h1f/h24/11849373941790.jpg,https://www.metro.ca/en/online-grocery/search-page-506
DION,Garlic Salt,80 g,"$2.49
 ea.",,$3.11 /100g,"Regular price
$3.19  ea.","Valid until Feb 7, 2024",https://product-images.metro.ca/images/h48/h0a/10250246455326.jpg,https://www.metro.ca/en/online-grocery/search-page-506
PB&ME,Natural Powdered Peanut Butter,200 g,"$7.79
 ea.",,$3.90 /100g,,,https://product-images.metro.ca/images/he2/h9f/9836388646942.jpg,https://www.metro.ca/en/online-grocery/search-page-506
PAPILLE,Gluten Free Original Rosette De Lyon Sausage,125 g,"$9.29
 ea.",,$7.43 /100g,,,https://product-images.metro.ca/images/h17/h94/9508357701662.jpg,https://www.metro.ca/en/online-grocery/search-page-506
STARBUCKS,Sumatra Dark Roast K-Cup® Coffee Pods,24 un,"$19.99
 ea.",,$0.83 /un.,"Regular price
$25.49  ea.","Valid until Feb 7, 2024",https://product-images.metro.ca/images/he3/h55/10882826731550.jpg,https://www.metro.ca/en/online-grocery/search-page-506
METROGO!,Half Papaya,,"$3.99
 ea.",,$1.00 /100g,,,https://www.metro.ca/images/shared/placeholders/icon-no-picture.svg?v=2023.71.1.d1,https://www.metro.ca/en/online-grocery/search-page-506
FRUIT D'OR,Pure Nordic Cranberry Juice,1 L,"$6.99
 ea.",,$0.70 /100ml,,,https://product-images.metro.ca/images/h61/hd6/9409889566750.jpg,https://www.metro.ca/en/online-grocery/search-page-506
PREMIÈRE MOISSON,Rustic Sourdough Baguette,325 g,"$3.79
 ea.",,$1.17 /100g,,,https://product-images.metro.ca/images/h3d/hb9/10009391923230.jpg,https://www.metro.ca/en/online-grocery/search-page-506
CLUB HOUSE,Celery Salt,190 g,"$7.29
 ea.",,$3.84 /100g,,,https://product-images.metro.ca/images/hb1/h42/10062150598686.jpg,https://www.metro.ca/en/online-grocery/search-page-506
GARNIER,"Honey Treasures Repairing Conditioner, Whole Blends",370 ml,"$6.49
 ea.",,$1.75 /100ml,,,,https://www.metro.ca/en/online-grocery/search-page-506
TAMPAX,Unscented Regular Absorbency Tampons With Plastic Ap...,36 un,"$10.99
 ea.",,$0.31 /un.,,,,https://www.metro.ca/en/online-grocery/search-page-506
PETIT NAVIRE,Grilled Mackerel Fillets,110 g,"$6.29
 ea.",,$5.72 /100g,,,https://product-images.metro.ca/images/hb5/h9a/11401327935518.jpg,https://www.metro.ca/en/online-grocery/search-page-506
TIM HORTONS,"Dark Roast K-Cup® Coffee Pods, Keurig",30 un,"$23.99
 ea.",,$0.80 /un.,,,,https://www.metro.ca/en/online-grocery/search-page-506
PATAK'S,Hot Mango Chutney,250 mL,"$6.79
 ea.",,$2.72 /100ml,,,https://product-images.metro.ca/images/ha6/h5e/9973576302622.jpg,https://www.metro.ca/en/online-grocery/search-page-506
MUM-MUM,Organic Strawberry Flavoured Rice Biscuits For Babie...,60 g,"$2.99
 ea.",,$4.98 /100g,"Regular price
$4.29  ea.","Valid until Feb 7, 2024",,https://www.metro.ca/en/online-grocery/search-page-506
U BY KOTEX,"Unscented Ultra Thin Pads For Regular Flow, Security",22 un,"$5.29
 ea.",,$0.24 /un.,,,,https://www.metro.ca/en/online-grocery/search-page-506
ROMA,Pepperoni Slices With 30% Less Sodium,250 g,"$7.49
 ea.",,$3.00 /100g,,,https://product-images.metro.ca/images/h53/hbc/9099137318942.jpg,https://www.metro.ca/en/online-grocery/search-page-506
TRISTAN FOODS,Preparation For Buckwheat Pancakes,1 kg,"$8.49
 ea.",,$0.85 /100g,,,https://product-images.metro.ca/images/h75/h0c/12122166722590.jpg,https://www.metro.ca/en/online-grocery/search-page-506
PRANA,Amandine Maple Almonds,150 g,"$7.79
 ea.",,$5.19 /100g,"Regular price
$8.79  ea.","Valid until Jan 24, 2024",https://product-images.metro.ca/images/h26/h53/10529513472030.jpg,https://www.metro.ca/en/online-grocery/search-page-506
SARDO,"Marinated Octopus Salad, Premium Select",250 mL,"$10.99
 ea.",,$4.40 /100ml,,,,https://www.metro.ca/en/online-grocery/search-page-506
RIVIERA,"4.9% Vanilla Probiotic Goat Yogurt, Petit Pot",4x120 g,"$6.59
 ea.",,$1.37 /100g,,,,https://www.metro.ca/en/online-grocery/search-page-506
METROGO!,Spring Mix Salad With Cheddar Cheese,,"$6.49
 ea.",,$2.00 /100g,,,https://product-images.metro.ca/images/hf0/h85/8837086871582.jpg,https://www.metro.ca/en/online-grocery/search-page-506
LA MILANAISE,Organic Green Lentils,500 g,"$5.49
 ea.",,$1.10 /100g,,,https://product-images.metro.ca/images/hf1/he2/11816877948958.jpg,https://www.metro.ca/en/online-grocery/search-page-506
BROME LAKE DUCKS,Fully Cooked Gluten Free Pepper And Garlic Duck Saus...,300 g,"$10.99
 ea.",,$3.66 /100g,,,,https://www.metro.ca/en/online-grocery/search-page-507
MAPLE LEAF,"Frozen Butter And Chive Stuffed Chicken Cutlets, Prime",568 g,"$16.99
 ea.",,$2.99 /100g,,,,https://www.metro.ca/en/online-grocery/search-page-507
SPEED STICK,Glacier® Deodorant Stick,85 g,"$5.99
 ea.",,$7.05 /100g,,,https://product-images.metro.ca/images/hf5/h43/11574048063518.jpg,https://www.metro.ca/en/online-grocery/search-page-507
ARNOTT'S,"Dark Chocolate Cookies, Tim Tam",200 g,"$4.99
 ea.",,$2.50 /100g,,,,https://www.metro.ca/en/online-grocery/search-page-507
SARDO,"Party Mix Olives, Deli Market",1 L,"$12.49
 ea.",,$1.25 /100ml,,,,https://www.metro.ca/en/online-grocery/search-page-507
BERNARDIN,Regular Mason Jars With Snap Lid® Closures,12x1 L,"$21.29
 ea.",,$0.18 /100ml,,,https://product-images.metro.ca/images/hb6/h32/10778563706910.jpg,https://www.metro.ca/en/online-grocery/search-page-507
GOOD COOK,Natural Pastry Brush 2 Pack,1 un,"$1.99
 ea.",,$1.99 /un.,,,https://product-images.metro.ca/images/h84/hab/9183258902558.jpg,https://www.metro.ca/en/online-grocery/search-page-507
FEVER-TREE,Mediterranean Tonic Water,4x200 mL,"$8.49
 ea.",,$1.06 /100ml,,,https://product-images.metro.ca/images/hac/he7/9068279169054.jpg,https://www.metro.ca/en/online-grocery/search-page-507
GLUTINO,Gluten Free Cheddar Crackers,125 g,"$5.99
 ea.",,$4.79 /100g,,,https://product-images.metro.ca/images/h74/hb4/9746863882270.jpg,https://www.metro.ca/en/online-grocery/search-page-507
CLUB HOUSE,Mustard Seeds,165 g,"$7.29
 ea.",,$4.42 /100g,,,https://product-images.metro.ca/images/h9b/h55/10170591608862.jpg,https://www.metro.ca/en/online-grocery/search-page-507
DION,Italian Herbs,16 g,"$2.99
 ea.",,$18.69 /100g,"Regular price
$3.79  ea.","Valid until Feb 7, 2024",https://product-images.metro.ca/images/hb5/h89/10319480979486.jpg,https://www.metro.ca/en/online-grocery/search-page-507
NUTS TO YOU NUT BUTTER,Smooth Hazelnut Butter,365 g,"$11.99
 ea.",,$3.28 /100g,"Regular price
$13.29  ea.","Valid until Feb 7, 2024",https://product-images.metro.ca/images/hdc/hea/11386217725982.jpg,https://www.metro.ca/en/online-grocery/search-page-507
GILLETTE,"Aftershave Gel For Sensitive Skin, Series",75 mL,"$4.29
 ea.",,$5.72 /100ml,,,,https://www.metro.ca/en/online-grocery/search-page-507
UNIBROUE,"Belgian-Style Extra Strong Imperial White Beer, Don ...",6x341 mL - bottles,"$15.49
 ea.",,$0.76 /100ml,,,,https://www.metro.ca/en/online-grocery/search-page-507
BIOITALIA,Organic Vegetable Fusilli,500 g,"$5.29
 ea.",,$1.06 /100g,,,https://product-images.metro.ca/images/h3d/h48/11829797453854.jpg,https://www.metro.ca/en/online-grocery/search-page-507
AXE,Anarchy® Bodyspray,113 g,"$6.99
 ea.",,$6.19 /100g,,,https://product-images.metro.ca/images/hee/h0a/11570778538014.jpg,https://www.metro.ca/en/online-grocery/search-page-507
FARNHAM ALE & LAGER,"American IPA Beer, South Burlington",473 mL,"$3.79
 ea.",,$0.80 /100ml,,,,https://www.metro.ca/en/online-grocery/search-page-507
WOOLITE,Dark Care Liquid Laundry Detergent,40 loads - 1.8 L,"$15.29
 ea.",,$0.85 /100ml,,,https://product-images.metro.ca/images/hba/hb1/11614546296862.jpg,https://www.metro.ca/en/online-grocery/search-page-507
,"Previously Frozen Or Fresh Pacific Cod Fillet, Famil...",Around 2 fillets per tray,"$17.85
 avg. ea.",(450 g avg.),$39.66 /kg$17.99 /lb.,,,,https://www.metro.ca/en/online-grocery/search-page-507
FROMAGERIE DU DOMAINE FÉODAL,Le Noble Soft Cheese With A Bloomy Rind,150 g,"$7.99
 ea.",,$5.33 /100g,"Regular price
$8.59  ea.","Valid until Jan 17, 2024",https://product-images.metro.ca/images/h98/h88/12050758271006.jpg,https://www.metro.ca/en/online-grocery/search-page-507
ST. IVES,Naturally Indulgent Coconut Milk & Orchid Extract Bo...,600 mL,"$6.99
 ea.",,$1.17 /100ml,,,,https://www.metro.ca/en/online-grocery/search-page-507
GOOD COOK,Winged Corkscrew,1 un,"$6.79
 ea.",,$6.79 /un.,,,https://product-images.metro.ca/images/hf3/h58/9183152144414.jpg,https://www.metro.ca/en/online-grocery/search-page-507
GIBIERS CANABEC,Frozen Lamb For Chinese Fondue,200 g,"$13.49
 ea.",,$6.75 /100g,"Regular price
$13.99  ea.","Valid until Jan 17, 2024",https://product-images.metro.ca/images/h94/hc4/9883035926558.jpg,https://www.metro.ca/en/online-grocery/search-page-507
VEGA,Vanilla Flavoured Proteins And Greens,526 g,"$39.99
 ea.",,$7.68 /100g,,,https://product-images.metro.ca/images/hbf/hb5/11937114849310.jpg,https://www.metro.ca/en/online-grocery/search-page-507
BIOITALIA,Organic Peeled Tomatoes,398 mL,"$3.29
 ea.",,$0.83 /100ml,,,https://product-images.metro.ca/images/h64/hde/11816855601182.jpg,https://www.metro.ca/en/online-grocery/search-page-507
L'ORÉAL,"Color Radiance™ Conditioner For Dry Coloured Hair, H...",385 mL,"$6.99
 ea.",,$1.82 /100ml,,,,https://www.metro.ca/en/online-grocery/search-page-507
TRADITION,Sparkling Apple Juice,4x275 mL,"$6.99
 ea.",,$0.64 /100ml,"Regular price
$7.99  ea.","Valid until Jan 10, 2024",https://product-images.metro.ca/images/he3/h3b/9712215228446.jpg,https://www.metro.ca/en/online-grocery/search-page-507
CLUB HOUSE,"Caesar Rim Seasoning, Signature Blends",180 g,"$6.49
 ea.",,$3.61 /100g,,,,https://www.metro.ca/en/online-grocery/search-page-507
JOIE,Sink Plug,1 un,"$5.99
 ea.",,$5.99 /un.,,,https://product-images.metro.ca/images/h49/haf/9218714664990.jpg,https://www.metro.ca/en/online-grocery/search-page-507
IRINI,Superior Kalamata Olives,1.5 L,"$8.99
 ea.",,$0.60 /100ml,"Regular price
$10.99  ea.","Valid until Jan 24, 2024",https://product-images.metro.ca/images/hb7/h81/9731820912670.jpg,https://www.metro.ca/en/online-grocery/search-page-507
AXE,"Apollo® Deodorant Stick, Fresh",85 g,"$6.99
 ea.",,$8.22 /100g,,,,https://www.metro.ca/en/online-grocery/search-page-508
VILLERAY PASTRY,Baklava With Nuts,220 g,"$7.79
 ea.",,$1.30 /un.,,,https://product-images.metro.ca/images/h28/ha4/8918160736286.jpg,https://www.metro.ca/en/online-grocery/search-page-508
ANTI+,Blueberry Juice,500 mL,"$6.49
 ea.",,$1.30 /100ml,"Regular price
$6.99  ea.","Valid until Jan 17, 2024",https://product-images.metro.ca/images/h96/hea/9532805513246.jpg,https://www.metro.ca/en/online-grocery/search-page-508
CROFTER'S,Organic Wild Blueberry Spread,235 mL,"$5.49
 ea.",,$2.34 /100ml,,,https://product-images.metro.ca/images/h87/h0d/8845082296350.jpg,https://www.metro.ca/en/online-grocery/search-page-508
KIJU,Organic Cranberry Pomegranate & Blueberry Juice,1 L,"$3.99
 ea.",,$0.40 /100ml,,,https://product-images.metro.ca/images/h55/h86/9773812973598.jpg,https://www.metro.ca/en/online-grocery/search-page-508
,Passion Fruit,Sold individually,"$2.99
 ea.",,$2.99 /un.,,,https://product-images.metro.ca/images/hd7/h49/8874248962078.jpg,https://www.metro.ca/en/online-grocery/search-page-508
OLAY,"Soap Bars, Age Defying",4x90 g,"$9.29
 ea.",,$2.58 /100g,,,,https://www.metro.ca/en/online-grocery/search-page-508
SARDO,"Fire Roasted Sweet Peppers, Deli Market",250 mL,"$5.29
 ea.",,$2.12 /100ml,,,,https://www.metro.ca/en/online-grocery/search-page-508
THAI KITCHEN,Lemongrass And Chili Rice Noodle Soup Bowl,68 g,"$3.29
 ea.",,$4.84 /100g,,,https://product-images.metro.ca/images/h94/h91/9532996583454.jpg,https://www.metro.ca/en/online-grocery/search-page-508
U BY KOTEX,"Individually Wrapped Regular Liners, Lightdays Plus",40 un,"$6.29
 ea.",,$0.16 /un.,,,,https://www.metro.ca/en/online-grocery/search-page-508
JAMIESON,"Probiotics, Essentials",60 un - capsules,"$25.99
 ea.",,$43.32 /100un.,,,,https://www.metro.ca/en/online-grocery/search-page-508
ATKINS & FRÈRES,Smoked Trout And Shrimp Rillettes,120 g,"$7.99
 ea.",,$6.66 /100g,,,https://product-images.metro.ca/images/he4/he1/8842957553694.jpg,https://www.metro.ca/en/online-grocery/search-page-508
GIBIERS CANABEC,Oyster Mushroom Sauce,300 mL,"$6.99
 ea.",,$2.33 /100ml,,,https://product-images.metro.ca/images/hd7/h13/9883038547998.jpg,https://www.metro.ca/en/online-grocery/search-page-508
SARDO,"Herb And Garlic Marinated Shrimp, Premium Select",250 mL,"$9.49
 ea.",,$3.80 /100ml,,,,https://www.metro.ca/en/online-grocery/search-page-508
MCCAIN,"Frozen Cookies And Cream Cake, Deep'N Delicious",510 g,"$7.49
 ea.",,$1.47 /100g,,,,https://www.metro.ca/en/online-grocery/search-page-508
BABY MUM-MUM,Vegetable Teething Wafers,50 g,"$2.99
 ea.",,$5.98 /100g,"Regular price
$3.69  ea.","Valid until Feb 7, 2024",https://product-images.metro.ca/images/h48/hcb/10715166113822.jpg,https://www.metro.ca/en/online-grocery/search-page-508
GOGO QUINOA,Organic Pancake Mix,500 g,"$7.49
 ea.",,$1.50 /100g,,,https://product-images.metro.ca/images/h6c/h89/10932797308958.jpg,https://www.metro.ca/en/online-grocery/search-page-508
BRÛLERIES FARO,Dolce Classic Espresso Coffee Beans,908 g,"$19.99
 ea.",,$2.20 /100g,,,https://product-images.metro.ca/images/hac/h47/8961035927582.jpg,https://www.metro.ca/en/online-grocery/search-page-508
FERMES VALENS,Gluten Free Mild Italian Sausages,3 un,"$8.99
 ea.",,$8.99 /un.,,,https://product-images.metro.ca/images/h3d/h1d/9071169798174.jpg,https://www.metro.ca/en/online-grocery/search-page-508
NESTLÉ,"Lactose Free French Vanilla Coffee Whitener, Coffee-...",425 g,"$5.49
 ea.",,$1.29 /100g,"Regular price
$7.29  ea.","Valid until Feb 7, 2024",,https://www.metro.ca/en/online-grocery/search-page-508
BIOITALIA,"Organic Apple, Strawberry & Banana Puree, Energy",120 g,"$1.79
 ea.",,$1.49 /100g,"Regular price
$2.19  ea.","Valid until Feb 7, 2024",,https://www.metro.ca/en/online-grocery/search-page-508
GIBIERS CANABEC,Cooked Rabbit And Apple Sausages,300 g,"$9.99
 ea.",,$3.33 /100g,"Regular price
$10.99  ea.","Valid until Jan 17, 2024",https://product-images.metro.ca/images/h7a/hc8/11432657584158.jpg,https://www.metro.ca/en/online-grocery/search-page-508
OGX,Coconut Scented Curls Moisturizing Conditioner,385 mL,"$9.49
 ea.",,$2.46 /100ml,"Regular price
$10.79  ea.","Valid until Feb 7, 2024",https://product-images.metro.ca/images/h9f/hf9/9164970885150.jpg,https://www.metro.ca/en/online-grocery/search-page-508
CLUB HOUSE,Reduced Salt Poutine Gravy Mix,42 g,"4 / 
$5.00",,$0.28 /100g,"Regular price
$1.49  ea.","Valid until Jan 24, 2024",https://product-images.metro.ca/images/h5c/h6e/11761527750686.jpg,https://www.metro.ca/en/online-grocery/search-page-508
ST-HUBERT,Frozen Poutine Bites,335 g,"$9.99
 ea.",,$2.98 /100g,"Regular price
$11.99  ea.","Valid until Jan 17, 2024",https://product-images.metro.ca/images/h13/hc1/10231188127774.jpg,https://www.metro.ca/en/online-grocery/search-page-508
INCOGNITO,Overnight Ultra Thin Hypoallergenic Pads,14 un,"$5.29
 ea.",,$0.38 /un.,,,https://product-images.metro.ca/images/h53/he3/9527328735262.jpg,https://www.metro.ca/en/online-grocery/search-page-508
L'ORÉAL,Extraordinary Oil™ Conditioner,385 mL,"$6.99
 ea.",,$1.82 /100ml,,,https://product-images.metro.ca/images/h76/h7f/11590667108382.jpg,https://www.metro.ca/en/online-grocery/search-page-508
GARNIER,Triple Nutrition™ Fortifying Shampoo For Dry And Dam...,370 mL,"$5.99
 ea.",,$1.62 /100ml,,,,https://www.metro.ca/en/online-grocery/search-page-508
CERAMA BRYTE,Stainless Steel Polish,474 ml,"$5.99
 ea.",,$1.26 /100ml,"Regular price
$6.49  ea.","Valid until Feb 7, 2024",https://product-images.metro.ca/images/h78/h26/11386184073246.jpg,https://www.metro.ca/en/online-grocery/search-page-508
NATURE'S PATH,Organic Gluten Free Vanilla Crunchy Cereals,675 g,"$11.99
 ea.",,$1.78 /100g,,,https://product-images.metro.ca/images/hce/h32/12122195132446.jpg,https://www.metro.ca/en/online-grocery/search-page-508
RISE KOMBUCHA,Organic Blueberry And Maple Kombucha,1 L,"$9.29
 ea.",,$0.93 /100ml,,,https://product-images.metro.ca/images/h4e/h1c/11374869512222.jpg,https://www.metro.ca/en/online-grocery/search-page-509
,Beetroots,2 lb,"$3.99
 ea.",,$3.99 /un.,,,https://product-images.metro.ca/images/h43/h31/9265225236510.jpg,https://www.metro.ca/en/online-grocery/search-page-509
VILEDA,Bee Mop Classic Refill,1 un,"$9.99
 ea.",,$9.99 /un.,,,https://product-images.metro.ca/images/h8c/h57/11511522983966.jpg,https://www.metro.ca/en/online-grocery/search-page-509
BROME LAKE DUCKS,Frozen Country-Style Duck Pot Pie,700 g,"$19.99
 ea.",,$2.86 /100g,,,https://product-images.metro.ca/images/ha5/he7/9910120611870.jpg,https://www.metro.ca/en/online-grocery/search-page-509
SAPUTO,Smoked Caciocavallo Cheese,,"$15.56
 avg. ea.",(400 g avg.),$38.90 /kg$17.64 /lb.,,,https://product-images.metro.ca/images/h44/he0/9014427844638.jpg,https://www.metro.ca/en/online-grocery/search-page-509
FOUR O'CLOCK,Detox Herbal Tea Bags,20 un,"$5.99
 ea.",,$0.30 /un.,,,https://product-images.metro.ca/images/h77/he5/12083919585310.jpg,https://www.metro.ca/en/online-grocery/search-page-509
CHAMPIGNONS SAUVAGES,Dried Chanterelle Mushrooms,14 g,"$5.99
 ea.",,$42.79 /100g,,,https://www.metro.ca/images/shared/placeholders/icon-no-picture.svg?v=2023.71.1.d1,https://www.metro.ca/en/online-grocery/search-page-509
FISH CRISP,Beer Batter Seasoned Coating Mix,230 g,"$6.49
 ea.",,$2.82 /100g,,,https://product-images.metro.ca/images/hc6/h5a/10053762187294.jpg,https://www.metro.ca/en/online-grocery/search-page-509
PLAYTEX,"Unscented Regular Tampons With Plastic Applicator, S...",36 un,"$9.99
 ea.",,$0.28 /un.,,,,https://www.metro.ca/en/online-grocery/search-page-509
HARTZ,Roll About Mouse™ Cat Toy,1 un,"$6.79
 ea.",,$6.79 /un.,,,https://product-images.metro.ca/images/hc5/h81/8969652666398.jpg,https://www.metro.ca/en/online-grocery/search-page-509
FAVUZZI,Mushroom And Truffle Pâté,180 g,"$10.99
 ea.",,$6.11 /100g,,,https://product-images.metro.ca/images/hf5/h36/11205019828254.jpg,https://www.metro.ca/en/online-grocery/search-page-509
GILLETTE,"Men'S Sensitive Skin Disposable Razors, Sensor3",4 un,"$10.99
 ea.",,$2.75 /un.,,,,https://www.metro.ca/en/online-grocery/search-page-509
DION,Onion Salt,80 g,"$2.99
 ea.",,$3.74 /100g,"Regular price
$3.19  ea.","Valid until Feb 7, 2024",https://product-images.metro.ca/images/h91/h0c/10250247798814.jpg,https://www.metro.ca/en/online-grocery/search-page-509
CEDAR,Medium Couscous,4 kg,"$14.99
 ea.",,$0.37 /100g,,,https://product-images.metro.ca/images/h3e/h74/8849639211038.jpg,https://www.metro.ca/en/online-grocery/search-page-509
GRAND PRÉ,1% Uht Milk,1 L,"$4.19
 ea.",,$0.42 /100ml,,,https://product-images.metro.ca/images/h85/h3f/10143892602910.jpg,https://www.metro.ca/en/online-grocery/search-page-509
FRESHPET,"Chicken, Vegetables And Rice Roll For Dogs, Select",680 g,"$8.79
 ea.",,$1.29 /100g,,,,https://www.metro.ca/en/online-grocery/search-page-509
Ô METS CHINOIS,"Chicken Egg Rolls With Sauce, Wok'N Roll",260 g,"$4.99
 ea.",,$1.92 /100g,,,,https://www.metro.ca/en/online-grocery/search-page-509
SPEED STICK,Active Fresh Deodorant Stick,85 g,"$5.99
 ea.",,$7.05 /100g,,,https://product-images.metro.ca/images/hdf/hcf/12050596724766.jpg,https://www.metro.ca/en/online-grocery/search-page-509
BIOITALIA,Organic Basil Tomato Pasta Sauce,358 mL,"$5.99
 ea.",,$1.67 /100ml,,,https://product-images.metro.ca/images/h36/h0c/11307103092766.jpg,https://www.metro.ca/en/online-grocery/search-page-509
MATILDE VICENZI,"Hazelnut Cookies, Grisbi",150 g,"$4.49
 ea.",,$2.99 /100g,,,,https://www.metro.ca/en/online-grocery/search-page-509
GERBER,"Multigrain, Yogurt And Raspberry Baby Cereal, Stage 3",227 g,"$5.99
 ea.",,$2.64 /100g,"Regular price
$7.99  ea.","Valid until Feb 7, 2024",,https://www.metro.ca/en/online-grocery/search-page-509
GAIN,"Original Laundry Detergent Packs, Flings!",42 loads - 42 un,"$14.99
 ea.",,$0.36 /un.,"Regular price
$16.29  ea.","Valid until Feb 7, 2024",,https://www.metro.ca/en/online-grocery/search-page-509
TUMS,Peppermint Flavoured Regular Strength Antacid,150 un,"$6.29
 ea.",,$0.04 /un.,,,https://product-images.metro.ca/images/h73/hfc/9526136176670.jpg,https://www.metro.ca/en/online-grocery/search-page-509
GARNIER,Color Shield™ Fortifying Shampoo For Colour-Treated ...,370 mL,"$5.99
 ea.",,$1.62 /100ml,,,,https://www.metro.ca/en/online-grocery/search-page-509
METROGO!,Chicken Spring Mix Salad With Cheddar Cheese,,"$9.99
 ea.",,$2.27 /100g,,,https://product-images.metro.ca/images/hd9/hb7/8837265686558.jpg,https://www.metro.ca/en/online-grocery/search-page-509
HEINZ,Wheat And Oat Cereal With Banana And Raspberry For B...,227 g,"$5.29
 ea.",,$2.33 /100g,,,,https://www.metro.ca/en/online-grocery/search-page-509
NATURE'S PATH,Organic Honey Almond Pure Oats Granola,312 g,"$5.49
 ea.",,$1.76 /100g,"Regular price
$7.79  ea.","Valid until Feb 7, 2024",https://product-images.metro.ca/images/h53/h14/9518734639134.jpg,https://www.metro.ca/en/online-grocery/search-page-509
PEPSI,"Zero Calorie Soft Drink, Zero Mini",6x222 mL,"2 / 
$8.00",,$0.30 /100ml,"Regular price
$4.99  ea.","Valid until Jan 24, 2024",,https://www.metro.ca/en/online-grocery/search-page-509
SUMM!,Crispy Vegetable Spring Rolls,"6 rolls, 340 g","$7.99
 ea.",,$2.35 /100g,,,https://product-images.metro.ca/images/h6d/hb5/10471945207838.jpg,https://www.metro.ca/en/online-grocery/search-page-509
,Yellow Flesh Potatoes,5 lb,"$4.99
 ea.",,$0.22 /100g,,,https://product-images.metro.ca/images/hb4/h9e/9354684071966.jpg,https://www.metro.ca/en/online-grocery/search-page-509
DION,Crushed Red Pepper,28 g,"$2.99
 ea.",,$10.68 /100g,,,https://product-images.metro.ca/images/h9f/h25/8887931109406.jpg,https://www.metro.ca/en/online-grocery/search-page-510
L'ORÉAL,"Anti-Frizz Smooth Intense Shampoo, Hair Expertise",385 mL,"$6.99
 ea.",,$1.82 /100ml,,,,https://www.metro.ca/en/online-grocery/search-page-510
METROGO!,"Cut Vegetable Mix, Le Pignon",,"$6.99
 ea.",,$1.40 /100g,,,,https://www.metro.ca/en/online-grocery/search-page-510
,Semi-Boneless Lamb Leg,,"$38.55
 avg. ea.","(1,250 g avg.)",$30.84 /kg$13.99 /lb.,,,https://product-images.metro.ca/images/ha1/h81/8995218194462.jpg,https://www.metro.ca/en/online-grocery/search-page-510
A.VOGEL,"Organic Sodium-Free Aromatic Salt Substitute, Herbamare",125 g,"$4.79
 ea.",,$3.83 /100g,,,,https://www.metro.ca/en/online-grocery/search-page-510
LA CHAUDIÈRE,Individually Wrapped Skouik! Skouik!™ White Cheese,12 pieces - 252 g,"$9.29
 ea.",,$3.69 /100g,,,https://product-images.metro.ca/images/hbf/ha3/11574109110302.jpg,https://www.metro.ca/en/online-grocery/search-page-510
ATKINS & FRÈRES,Smoked Crab Rillettes,120 g,"$7.99
 ea.",,$6.66 /100g,,,https://product-images.metro.ca/images/h1a/hb2/9533028433950.jpg,https://www.metro.ca/en/online-grocery/search-page-510
WILTON,Round Baking Pan,1 un,"$7.99
 ea.",,$7.99 /un.,,,https://product-images.metro.ca/images/h2f/h74/9343192268830.jpg,https://www.metro.ca/en/online-grocery/search-page-510
NATURISTE,"Antiperspirant Roll-On, Organika",50 mL,"$5.29
 ea.",,$10.58 /100ml,,,,https://www.metro.ca/en/online-grocery/search-page-510
AIR WICK,"Lavender And Almond Blossom Fragrant Mist Refill, Es...",20 mL,"$7.49
 ea.",,$37.45 /100ml,,,,https://www.metro.ca/en/online-grocery/search-page-510
BROME LAKE DUCKS,Cooked Sun-Dried Tomatoes And Garlic Sausages,300 g,"$10.99
 ea.",,$3.66 /100g,,,https://product-images.metro.ca/images/hf3/hce/10792023752734.jpg,https://www.metro.ca/en/online-grocery/search-page-510
MESTEMACHER,Pumpernickel Bread,500 g,"$4.59
 ea.",,$0.92 /100g,"Regular price
$5.49  ea.","Valid until Jan 17, 2024",https://product-images.metro.ca/images/h55/hc4/11590655639582.jpg,https://www.metro.ca/en/online-grocery/search-page-510
ALLESSIA,Pesto Alla Genovese,212 mL,"$3.99
 ea.",,$1.88 /100ml,,,https://product-images.metro.ca/images/h62/h7c/8932855152670.jpg,https://www.metro.ca/en/online-grocery/search-page-510
ALWAYS,"Unscented Thin Liners Regular Absorbency, No Feel Pr...",120 un,"$9.99
 ea.",,$0.08 /un.,,,,https://www.metro.ca/en/online-grocery/search-page-510
EMMI,Pepper Swiss Raclette Cheese,200 g,"$11.99
 ea.",,$6.00 /100g,"Regular price
$13.49  ea.","Valid until Jan 17, 2024",https://product-images.metro.ca/images/h68/h87/10161330880542.jpg,https://www.metro.ca/en/online-grocery/search-page-510
L'ORÉAL,Total Repair Extreme™ Shampoo,385 mL,"$6.99
 ea.",,$1.82 /100ml,,,https://product-images.metro.ca/images/hb1/hd5/11590567624734.jpg,https://www.metro.ca/en/online-grocery/search-page-510
METAMUCIL,"Orange Flavoured Sugar-Free Fiber Supplement Powder,...",660 g,"$32.99
 ea.",,$4.98 /100g,,,,https://www.metro.ca/en/online-grocery/search-page-510
DION,Marinade Seasoning,70 g,"$3.29
 ea.",,$4.70 /100g,"Regular price
$4.19  ea.","Valid until Feb 7, 2024",https://product-images.metro.ca/images/hbf/hb2/10378999365662.jpg,https://www.metro.ca/en/online-grocery/search-page-510
ANGE GARDIEN,Frozen Lactose Free Chocolate Cake,600 g,"$24.99
 ea.",,$4.17 /100g,,,https://product-images.metro.ca/images/hda/hcf/8860741500958.jpg,https://www.metro.ca/en/online-grocery/search-page-510
CEDAR,Romano Beans,907 g,"$4.49
 ea.",,$0.50 /100g,,,https://product-images.metro.ca/images/h8c/h54/8896312934430.jpg,https://www.metro.ca/en/online-grocery/search-page-510
METROGO!,"Chinese Macaroni, Value Pack",,"$22.64
 avg. ea.","(1,198 g avg.)",$18.90 /kg$8.57 /lb.,,,,https://www.metro.ca/en/online-grocery/search-page-510
BAND-AID,One Size Tough-Strips® Fabric Bandages,20 un,"$7.29
 ea.",,$0.36 /un.,,,https://product-images.metro.ca/images/h9a/hba/9693757276190.jpg,https://www.metro.ca/en/online-grocery/search-page-510
GOGO QUINOA,Organic Red Quinoa Royal,500 g,"$7.99
 ea.",,$1.60 /100g,,,https://product-images.metro.ca/images/h20/h3e/11816892235806.jpg,https://www.metro.ca/en/online-grocery/search-page-510
SELECTION,Retriever Roll Dog Treats,2 un,"$5.99
 ea.",,$5.99 /un.,,,https://product-images.metro.ca/images/hf3/hf7/8982880944158.jpg,https://www.metro.ca/en/online-grocery/search-page-510
FEVER-TREE,Elderflower Tonic Water,4x200 mL,"$8.49
 ea.",,$1.06 /100ml,,,https://product-images.metro.ca/images/he1/ha5/11126260989982.jpg,https://www.metro.ca/en/online-grocery/search-page-510
BIOITALIA,No Salt Added Organic Cannellini,398 mL,"$3.29
 ea.",,$0.83 /100ml,,,https://product-images.metro.ca/images/h31/h70/9938136301598.jpg,https://www.metro.ca/en/online-grocery/search-page-510
CEDAR,Patna Long Grain White Rice,4 kg,"$8.99
 ea.",,$0.22 /100g,"Regular price
$10.99  ea.","Valid until Jan 24, 2024",https://product-images.metro.ca/images/h08/h95/9731837493278.jpg,https://www.metro.ca/en/online-grocery/search-page-510
AXE,"Apollo® Antiperspirant Stick, Dry",76 g,"$6.99
 ea.",,$9.20 /100g,,,,https://www.metro.ca/en/online-grocery/search-page-510
NATURSOURCE,"Organic Gluten-Free Salad Topper, Smart Life",600 g,"$13.99
 ea.",,$2.33 /100g,,,,https://www.metro.ca/en/online-grocery/search-page-510
BENEFUL,"Chicken Dry Dog Food, Originals",7 kg,"$28.49
 ea.",,$0.41 /100g,,,,https://www.metro.ca/en/online-grocery/search-page-510
GÖT2B,"Water-Resistant Spiking Glue®, Glued",175 ml,"$8.99
 ea.",,$5.14 /100ml,,,,https://www.metro.ca/en/online-grocery/search-page-511
CHAMPIGNONS SAUVAGES,Dried Mushroom Mix For Stews,14 g,"$5.99
 ea.",,$42.79 /100g,,,https://www.metro.ca/images/shared/placeholders/icon-no-picture.svg?v=2023.71.1.d1,https://www.metro.ca/en/online-grocery/search-page-511
OGX,Coconut Scented Curls Moisturizing Shampoo,385 mL,"$9.49
 ea.",,$2.46 /100ml,"Regular price
$10.79  ea.","Valid until Feb 7, 2024",https://product-images.metro.ca/images/h43/h14/9164830998558.jpg,https://www.metro.ca/en/online-grocery/search-page-511
VALOR,85% Cocoa No Sugar Dark Chocolate Bar,100 g,"$4.69
 ea.",,$4.69 /100g,,,https://product-images.metro.ca/images/hd1/h61/11829828943902.jpg,https://www.metro.ca/en/online-grocery/search-page-511
SECRET,"Antiperspirant And Deodorant Clear Gel, Fresh Collec...",45 g,"$5.99
 ea.",,$13.31 /100g,,,,https://www.metro.ca/en/online-grocery/search-page-511
VALOR,Dark Chocolate 70% Cocoa Bar With Orange Cream,100 g,"$4.49
 ea.",,$4.49 /100g,,,https://product-images.metro.ca/images/haa/h7b/9532943269918.jpg,https://www.metro.ca/en/online-grocery/search-page-511
NATURSOURCE,Sriracha Crunch Salad Topper,575 g,"$13.99
 ea.",,$2.43 /100g,,,https://product-images.metro.ca/images/hb6/h99/9883043594270.jpg,https://www.metro.ca/en/online-grocery/search-page-511
IAMS,"Chicken Flavoured Dog Food For Large Breeds, ProActi...",6.80 kg,"$29.99
 ea.",,$0.44 /100g,"Regular price
$31.99  ea.","Valid until Jan 24, 2024",,https://www.metro.ca/en/online-grocery/search-page-511
MAISON ORPHÉE,Organic Old-Fashioned Mustard,250 mL,"$4.79
 ea.",,$1.92 /100ml,,,https://www.metro.ca/images/shared/placeholders/icon-no-picture.svg?v=2023.71.1.d1,https://www.metro.ca/en/online-grocery/search-page-511
REINE DES SAUCES,Homestyle Pasta Bolognese Sauce,750 mL,"$9.99
 ea.",,$1.33 /100ml,,,https://product-images.metro.ca/images/h78/h0d/9693853810718.jpg,https://www.metro.ca/en/online-grocery/search-page-511
BETTER THAN BOUILLON,Chicken Base,227 g,"$7.79
 ea.",,$3.43 /100g,,,https://product-images.metro.ca/images/h4b/had/11432774696990.jpg,https://www.metro.ca/en/online-grocery/search-page-511
FAVUZZI,Extra Virgin Olive Oil,500 mL,"$20.99
 ea.",,$4.20 /100ml,,,https://product-images.metro.ca/images/hc4/h27/11386222575646.jpg,https://www.metro.ca/en/online-grocery/search-page-511
TWININGS,Green Tea,100 un,"$16.99
 ea.",,$0.17 /un.,,,https://product-images.metro.ca/images/h8c/h27/11665359470622.jpg,https://www.metro.ca/en/online-grocery/search-page-511
LADY SPEED STICK,"Tropical Breeze Invisible Solid Antiperspirant, Fres...",45 g,"$5.99
 ea.",,$13.31 /100g,,,,https://www.metro.ca/en/online-grocery/search-page-511
,Bean Sprout,,"$1.65
 / 250 g",,$6.59 /kg$2.99 /lb.,,,https://product-images.metro.ca/images/hcb/h8e/8832754581534.jpg,https://www.metro.ca/en/online-grocery/search-page-511
IRRESISTIBLES,Coconut And Avocado Oil,229 g,"$6.99
 ea.",,$3.05 /100g,,,https://product-images.metro.ca/images/hca/h71/10471972700190.jpg,https://www.metro.ca/en/online-grocery/search-page-511
MICROBRASSERIE CHARLEVOIX,"Strong Beer Brewed With Spices, Dominus Vobiscum Double",500 mL - bottle,"$5.79
 ea.",,$1.16 /100ml,,,,https://www.metro.ca/en/online-grocery/search-page-511
FOUR O'CLOCK,Passionflower And Valerian Herbal Tea Bags,20 un,"$5.99
 ea.",,$0.30 /un.,,,https://product-images.metro.ca/images/ha3/h90/12083918176286.jpg,https://www.metro.ca/en/online-grocery/search-page-511
BAR HARBOR,Clam Chowder,398 mL,"$6.49
 ea.",,$1.63 /100ml,,,https://product-images.metro.ca/images/h37/h83/9527219585054.jpg,https://www.metro.ca/en/online-grocery/search-page-511
GERBER,"Wheat, Banana And Strawberry Baby Cereal, Stage 2",227 g,"$5.99
 ea.",,$2.64 /100g,"Regular price
$7.99  ea.","Valid until Feb 7, 2024",,https://www.metro.ca/en/online-grocery/search-page-511
SELECTION,Lemon Scented All-Purpose Cleaner,4 L,"$5.99
 ea.",,$0.15 /100ml,,,https://product-images.metro.ca/images/he7/h00/9651657343006.jpg,https://www.metro.ca/en/online-grocery/search-page-511
DION,Unsalted Poultry Seasoning,27 g,"$3.19
 ea.",,$11.81 /100g,,,https://product-images.metro.ca/images/h41/hc8/9530224115742.jpg,https://www.metro.ca/en/online-grocery/search-page-511
GOOD COOK,Garlic Press,1 un,"$7.49
 ea.",,$7.49 /un.,,,https://product-images.metro.ca/images/h97/h3c/9217473675294.jpg,https://www.metro.ca/en/online-grocery/search-page-511
IAMS,Healthy Adult™ Salmon Recipe And Chicken Recipe Pâté...,12x75 g,"$19.49
 ea.",,$2.17 /100g,,,,https://www.metro.ca/en/online-grocery/search-page-511
CHOCOLATERIE DES PÈRES TRAPPISTES DE MISTASSINI,Dark Chocolate Rosettes,135 g,"$5.29
 ea.",,$3.92 /100g,,,https://product-images.metro.ca/images/h3f/h2f/11665372545054.jpg,https://www.metro.ca/en/online-grocery/search-page-511
VALOR,Creamy Dark Chocolate Bar With Truffle Cream,100 g,"$4.99
 ea.",,$4.99 /100g,,,https://product-images.metro.ca/images/h4f/h86/9532889759774.jpg,https://www.metro.ca/en/online-grocery/search-page-511
BAG TO EARTH,Large Compostable Food Waste Bags,5 un,"$7.49
 ea.",,$1.50 /un.,,,https://product-images.metro.ca/images/hec/h81/8809959587870.jpg,https://www.metro.ca/en/online-grocery/search-page-511
SELECTION,"Salmon Flavoured Dry Cat Food, Proteine 1",2 kg,"$8.99
 ea.",,$0.45 /100g,,,,https://www.metro.ca/en/online-grocery/search-page-511
MONSTER,"Original Flavour Energy Drink, Zero Sugar",473 mL,"2 / 
$5.50",,$0.58 /100ml,"Regular price
$3.99  ea.","Valid until Jan 24, 2024",,https://www.metro.ca/en/online-grocery/search-page-511
PURE BRITE,Multi-Purpose Cleaner And Polish With Sponge,200 g,"$9.99
 ea.",,$5.00 /100g,"Regular price
$11.29  ea.","Valid until Feb 7, 2024",https://product-images.metro.ca/images/h55/h19/8885554544670.jpg,https://www.metro.ca/en/online-grocery/search-page-511
LAURA SECORD,Chocolate And Dulce De Leche Mousse Cakes,2x90 g,"2 / 
$14.00",,or $8.79 ea. $4.12 /100g,,"Valid until Jan 17, 2024",https://www.metro.ca/images/shared/placeholders/icon-no-picture.svg?v=2023.71.1.d1,https://www.metro.ca/en/online-grocery/search-page-512
GARNIER,"Oat Delicacy Gentle Shampoo, Whole Blends",370 ml,"$6.49
 ea.",,$1.75 /100ml,,,,https://www.metro.ca/en/online-grocery/search-page-512
SWING-A-WAY,Compact White Can Opener,1 un,"$7.99
 ea.",,$7.99 /un.,,,https://product-images.metro.ca/images/hd0/h42/9081722765342.jpg,https://www.metro.ca/en/online-grocery/search-page-512
LADY SPEED STICK,Unscented Antiperspirant Stick,70 g,"$5.99
 ea.",,$8.56 /100g,,,https://product-images.metro.ca/images/he4/h46/11540988690462.jpg,https://www.metro.ca/en/online-grocery/search-page-512
CAF-LIB,Organic Grain Beverage With Chicory,150 g,"$10.49
 ea.",,$6.99 /100g,,,https://product-images.metro.ca/images/h39/h78/11188441120798.jpg,https://www.metro.ca/en/online-grocery/search-page-512
PATIENCE FRUIT & CO,Organic Dried Cranberries,113 g,"$3.49
 ea.",,$3.09 /100g,"Regular price
$3.99  ea.","Valid until Jan 10, 2024",https://product-images.metro.ca/images/hd0/h2c/9409887764510.jpg,https://www.metro.ca/en/online-grocery/search-page-512
PATAK'S,3 Step Butter Chicken Cooking Sauce Kit,315 g,"$5.99
 ea.",,$1.91 /100g,,,https://product-images.metro.ca/images/had/h9a/10246115164190.jpg,https://www.metro.ca/en/online-grocery/search-page-512
BIOITALIA,Organic Extra Virgin Olive Oil,750 mL,"$24.49
 ea.",,$3.27 /100ml,,,https://product-images.metro.ca/images/he4/hf3/11816844623902.jpg,https://www.metro.ca/en/online-grocery/search-page-512
CEDAR,Light Tuna Chunks In Vegetable Oil,170 g,"$2.29
 ea.",,$1.35 /100g,"Regular price
$2.49  ea.","Valid until Jan 24, 2024",https://product-images.metro.ca/images/h35/hac/11590639419422.jpg,https://www.metro.ca/en/online-grocery/search-page-512
GOLDEN DRAGON,Stir-Fry Sauce,455 mL,"$5.29
 ea.",,$1.16 /100ml,,,https://product-images.metro.ca/images/hbd/h15/11281616240670.jpg,https://www.metro.ca/en/online-grocery/search-page-512
RITTER SPORT,Milk Chocolate With Butter Biscuit And Cocoa Creme,100 g,"$3.49
 ea.",,$3.49 /100g,"Regular price
$4.49  ea.","Valid until Jan 24, 2024",https://product-images.metro.ca/images/h7a/hdc/11860656979998.jpg,https://www.metro.ca/en/online-grocery/search-page-512
SPARKLING ICE,Cherry And Lime Flavoured Sparkling Beverage,503 mL,"2 / 
$3.50",,$0.35 /100ml,"Regular price
$2.19  ea.","Valid until Feb 7, 2024",https://product-images.metro.ca/images/h43/hce/11709560651806.jpg,https://www.metro.ca/en/online-grocery/search-page-512
L'ORÉAL,"Design™ Strong Hold Styling Gel, Studio Line",150 ml,"$7.99
 ea.",,$5.33 /100ml,,,,https://www.metro.ca/en/online-grocery/search-page-512
KIND,Cherry And Dark Chocolate Flavoured Granola Bar,40 g,"$1.99
 ea.",,$4.98 /100g,"Regular price
$2.19  ea.","Valid until Feb 7, 2024",https://product-images.metro.ca/images/hca/h93/11679637405726.jpg,https://www.metro.ca/en/online-grocery/search-page-512
DOLE,"Premium Pineapple Juice, Premium",4x250 mL,"$6.29
 ea.",,$0.63 /100ml,,,,https://www.metro.ca/en/online-grocery/search-page-512
DENTALIFE,"Oral Care Dog Treats For Small Dogs, Chews",595 g,"$8.99
 ea.",,$1.51 /100g,"Regular price
$9.99  ea.","Valid until Jan 24, 2024",,https://www.metro.ca/en/online-grocery/search-page-512
SAN PELLEGRINO,Dark Morello Cherry And Pomegranate Flavoured Carbon...,8x330 mL,"$9.99
 ea.",,$0.38 /100ml,,,,https://www.metro.ca/en/online-grocery/search-page-512
SELECTION,Frozen Salt And Pepper Chicken Wings,650 g,"$12.99
 ea.",,$2.00 /100g,,,https://product-images.metro.ca/images/h3a/hc4/11761533222942.jpg,https://www.metro.ca/en/online-grocery/search-page-512
THAI KITCHEN,Roasted Garlic Rice Noodle Bowl,68 g,"$3.29
 ea.",,$4.84 /100g,,,https://product-images.metro.ca/images/hb7/h82/10183885717534.jpg,https://www.metro.ca/en/online-grocery/search-page-512
VILEDA,Dish And Sink Powerfibres Brush,1 un,"$6.29
 ea.",,$6.29 /un.,,,https://product-images.metro.ca/images/h97/h27/11511521050654.jpg,https://www.metro.ca/en/online-grocery/search-page-512
G-U-M,"Mint Dental Flossers With Vitamin E And Fluoride, Ee...",90 un,"$3.29
 ea.",,$0.04 /un.,,,,https://www.metro.ca/en/online-grocery/search-page-512
DION,Cinnamon Sticks,70 g,"$4.99
 ea.",,$7.13 /100g,,,https://product-images.metro.ca/images/h52/ha7/10378921607198.jpg,https://www.metro.ca/en/online-grocery/search-page-512
DION,Cajun Spices,50 g,"$3.29
 ea.",,$6.58 /100g,"Regular price
$3.99  ea.","Valid until Feb 7, 2024",https://product-images.metro.ca/images/h2f/hb7/10278123896862.jpg,https://www.metro.ca/en/online-grocery/search-page-512
CEDAR,Natural Millet,454 g,"$2.49
 ea.",,$0.55 /100g,,,https://product-images.metro.ca/images/hae/h61/8889081888798.jpg,https://www.metro.ca/en/online-grocery/search-page-512
JAMIESON,Salmon And Fish Oils Omega-3 Complex,200 un,"$19.99
 ea.",,$0.10 /un.,,,https://product-images.metro.ca/images/h23/h1b/11574149054494.jpg,https://www.metro.ca/en/online-grocery/search-page-512
,Top Sirloin Cubes,8 cubes per tray,"$14.54
 avg. ea.",(400 g avg.),$36.35 /kg$16.49 /lb.,,,https://product-images.metro.ca/images/h89/h32/9233886248990.jpg,https://www.metro.ca/en/online-grocery/search-page-512
METROGO!,Chicken Garden Salad,,"$7.99
 ea.",,$2.08 /100g,,,https://product-images.metro.ca/images/h73/h7e/8896585859102.jpg,https://www.metro.ca/en/online-grocery/search-page-512
DOVE,"Extra Hold Hairspray, STYLE+care",273 mL,"$7.79
 ea.",,$2.85 /100ml,,,,https://www.metro.ca/en/online-grocery/search-page-512
SWIFFER,"2-In-1 Dry+Wet™ Sweeping And Mopping Kit, Sweeper",1 un,"$16.99
 ea.",,$16.99 /un.,"Regular price
$19.49  ea.","Valid until Feb 7, 2024",,https://www.metro.ca/en/online-grocery/search-page-512
VILLERAY PASTRY,Classic Baklava,220 g,"$7.79
 ea.",,$1.30 /un.,,,https://product-images.metro.ca/images/hf4/h90/8860130705438.jpg,https://www.metro.ca/en/online-grocery/search-page-512
COLGATE,Extra Clean® Soft Toothbrush,1 un,"$1.99
 ea.",,$1.99 /un.,,,https://product-images.metro.ca/images/hf9/h95/10705295441950.jpg,https://www.metro.ca/en/online-grocery/search-page-513
GOOD COOK,4 Piece Measure Spoons,1 un,"$1.49
 ea.",,$1.49 /un.,,,https://product-images.metro.ca/images/hbf/hd4/9217434550302.jpg,https://www.metro.ca/en/online-grocery/search-page-513
JULES DESTROOPER,Chocolate Almond Thins,100 g,"$5.99
 ea.",,$5.99 /100g,,,https://product-images.metro.ca/images/hb3/hd9/9963316248606.jpg,https://www.metro.ca/en/online-grocery/search-page-513
LIVIVA,Organic Gluten Free Mung Bean Spaghetti,200 g,"$6.49
 ea.",,$3.25 /100g,,,https://product-images.metro.ca/images/h43/h9d/10319506636830.jpg,https://www.metro.ca/en/online-grocery/search-page-513
METROGO!,Traditionally Smoked Seasoned Salmon Nuggets,,"$6.17
 / 100 g",,$61.71 /kg$27.99 /lb.,,,https://product-images.metro.ca/images/h1d/h7d/12216220352542.jpg,https://www.metro.ca/en/online-grocery/search-page-513
PURINA ONE,Lamb And Rice Dry Dog Food,7 kg,"$32.99
 ea.",,$0.47 /100g,,,https://product-images.metro.ca/images/h9b/h4c/11492916723742.jpg,https://www.metro.ca/en/online-grocery/search-page-513
HAIKU,Tom Yum Soup,398 mL,"$4.39
 ea.",,$1.10 /100ml,"Regular price
$4.99  ea.","Valid until Jan 24, 2024",https://product-images.metro.ca/images/hd7/ha8/11307086250014.jpg,https://www.metro.ca/en/online-grocery/search-page-513
LA MILANAISE,Organic Red Lentils,500 g,"$4.99
 ea.",,$1.00 /100g,,,https://product-images.metro.ca/images/h10/h22/10170609598494.jpg,https://www.metro.ca/en/online-grocery/search-page-513
POMMERY,Moutarde De Meaux® Mustard,250 mL,"$17.49
 ea.",,$7.00 /100ml,,,https://product-images.metro.ca/images/h3d/h95/9731846242334.jpg,https://www.metro.ca/en/online-grocery/search-page-513
VILEDA,Fibro Contact Mop Refill,1 un,"$11.99
 ea.",,$11.99 /un.,,,https://product-images.metro.ca/images/h86/h8d/10183750287390.jpg,https://www.metro.ca/en/online-grocery/search-page-513
FISH CRISP,Cajun Coating Mix,340 g,"$6.49
 ea.",,$1.91 /100g,,,https://product-images.metro.ca/images/h43/ha0/11157670985758.jpg,https://www.metro.ca/en/online-grocery/search-page-513
PETIT NAVIRE,Aromatic White Wine Mackerel Fillets,175 g,"$6.29
 ea.",,$3.59 /100g,,,https://product-images.metro.ca/images/h3b/h29/11401329606686.jpg,https://www.metro.ca/en/online-grocery/search-page-513
IRRESISTIBLES,Light To Medium Roast Espresso Coffee Nespresso Caps...,10 un,"$4.99
 ea.",,$0.50 /un.,"Regular price
$5.99  ea.","Valid until Feb 7, 2024",,https://www.metro.ca/en/online-grocery/search-page-513
GLUTINO,Gluten Free Vanilla Wafers,130 g,"$4.99
 ea.",,$3.84 /100g,,,https://product-images.metro.ca/images/h2e/hdd/9742397014046.jpg,https://www.metro.ca/en/online-grocery/search-page-513
CHOCOLATERIE DES PÈRES TRAPPISTES DE MISTASSINI,Milk Chocolate Rosettes,135 g,"$5.29
 ea.",,$3.92 /100g,,,https://product-images.metro.ca/images/h3b/h21/11665370710046.jpg,https://www.metro.ca/en/online-grocery/search-page-513
LACTANTIA,1% Chocolate Milk,473 mL,"$2.99
 ea.",,$0.63 /100ml,,,https://product-images.metro.ca/images/hb7/h1e/9527601725470.jpg,https://www.metro.ca/en/online-grocery/search-page-513
CHANTEPOM,Sparkling Apple Juice,355 mL,"$3.49
 ea.",,$0.98 /100ml,,,https://product-images.metro.ca/images/h03/hc2/9910178938910.jpg,https://www.metro.ca/en/online-grocery/search-page-513
WHOLESOME,Unsulphured Organic Blackstrap Molasses,662 g,"$10.99
 ea.",,$1.66 /100g,,,https://product-images.metro.ca/images/h14/h5f/9514926211102.jpg,https://www.metro.ca/en/online-grocery/search-page-513
PEPSI,"Mini Soft Drink, 7UP",15x222 mL,"$6.99
 ea.",,$0.21 /100ml,"Regular price
$7.99  ea.","Valid until Jan 24, 2024",,https://www.metro.ca/en/online-grocery/search-page-513
THAI KITCHEN,Spicy Thai Chili Dipping And Cooking Sauce,200 mL,"$6.79
 ea.",,$3.40 /100ml,,,https://product-images.metro.ca/images/he8/hf6/11994733281310.jpg,https://www.metro.ca/en/online-grocery/search-page-513
GO NATURAL,Sweet Extra Virgin Olive Oil,500 mL,"$11.99
 ea.",,$2.40 /100ml,,,https://product-images.metro.ca/images/h47/h5d/9530743357470.jpg,https://www.metro.ca/en/online-grocery/search-page-513
DAVID LUMBROSO,Pistachio Fine Biscuits,225 g,"$6.49
 ea.",,$2.88 /100g,,,https://product-images.metro.ca/images/h0d/h9c/8915847282718.jpg,https://www.metro.ca/en/online-grocery/search-page-513
CROFTER'S,Organic Apricot Spread,235 mL,"$5.49
 ea.",,$2.34 /100ml,,,https://product-images.metro.ca/images/h44/h1a/8845346242590.jpg,https://www.metro.ca/en/online-grocery/search-page-513
ALPEN SECRETS,Lavender Moisturizing Foam Bath,1 L,"$4.99
 ea.",,$0.50 /100ml,,,https://product-images.metro.ca/images/ha3/h3d/9526096265246.jpg,https://www.metro.ca/en/online-grocery/search-page-513
ATKINS & FRÈRES,Smoked Salmon And Coriander Rillettes,120 g,"$7.99
 ea.",,$6.66 /100g,,,https://product-images.metro.ca/images/hae/h54/8885494841374.jpg,https://www.metro.ca/en/online-grocery/search-page-513
CAMINO,Original Dark Hot Chocolate Mix,336 g,"$7.99
 ea.",,$2.38 /100g,,,https://product-images.metro.ca/images/hd6/h24/9999269560350.jpg,https://www.metro.ca/en/online-grocery/search-page-513
GLUTINO,Gluten Free Lemon Wafers,200 g,"$4.99
 ea.",,$2.50 /100g,,,https://product-images.metro.ca/images/hfb/h78/9530114932766.jpg,https://www.metro.ca/en/online-grocery/search-page-513
ROCKSTAR,Fruit Punch Flavoured Sugar Free Energy Drink,473 mL,"$3.79
 ea.",,$0.80 /100ml,,,https://product-images.metro.ca/images/h8d/hc6/10029079035934.jpg,https://www.metro.ca/en/online-grocery/search-page-513
FROMAGERIE 1860 DUVILLAGE,"Soft Cheese Made With Fresh Cream, La Tentation De ...",125 g,"$8.00
 ea.",,$6.40 /100g,"Regular price
$9.49  ea.","Valid until Jan 10, 2024",,https://www.metro.ca/en/online-grocery/search-page-513
DUHAIME,"Cranberry, Raspberry, Ginseng & Star Anise Spread Fo...",60 mL,"$4.29
 ea.",,$7.15 /100ml,,,,https://www.metro.ca/en/online-grocery/search-page-513
BLUE DRAGON,3 Step Thai Red Curry Cooking Sauce Kit,253 g,"$4.79
 ea.",,$0.02 /g,,,https://product-images.metro.ca/images/hbc/h27/9530372194334.jpg,https://www.metro.ca/en/online-grocery/search-page-514
SELECTION,"Chicken Flavoured Dry Cat Food, Proteine 1",2 kg,"$8.99
 ea.",,$0.45 /100g,,,,https://www.metro.ca/en/online-grocery/search-page-514
BIORÉ,Deep Cleansing Charcoal Pore Strips,8 un,"$10.99
 ea.",,$1.37 /un.,,,https://product-images.metro.ca/images/h50/hfd/11937131167774.jpg,https://www.metro.ca/en/online-grocery/search-page-514
DOMAINE DE LAVOIE,Quebec White Wine,750 mL,"$13.99
 ea.",,$1.87 /100ml,,,https://product-images.metro.ca/images/hab/hd5/10254768963614.jpg,https://www.metro.ca/en/online-grocery/search-page-514
NUTBROWN,"Granola Blend With Golden Honey And Maca Root, Nutbrown",180 g,"$3.77
 ea.",,$2.09 /100g,"Regular price
$5.49  ea.","Valid until Jan 10, 2024",,https://www.metro.ca/en/online-grocery/search-page-514
LADY SPEED STICK,Powder Fresh Antiperspirant Stick,45 g,"$3.89
 ea.",,$8.64 /100g,,,https://product-images.metro.ca/images/h06/h03/12050598101022.jpg,https://www.metro.ca/en/online-grocery/search-page-514
METROGO!,Mandarin Chicken Salad,,"$7.99
 ea.",,$2.00 /100g,,,https://product-images.metro.ca/images/h31/h46/8837022449694.jpg,https://www.metro.ca/en/online-grocery/search-page-514
IRRESISTIBLES,Maple Syrup Balsamic Vinegar Of Modena,250 mL,"$6.49
 ea.",,$2.60 /100ml,,,https://product-images.metro.ca/images/ha3/h53/9638920519710.jpg,https://www.metro.ca/en/online-grocery/search-page-514
PURE PROTEIN,Chocolate And Salted Caramel Protein Bars,6x50 g,"$9.99
 ea.",,$3.33 /100g,,,https://product-images.metro.ca/images/h43/h35/12263434649630.jpg,https://www.metro.ca/en/online-grocery/search-page-514
COLGATE,"Soft Toothbrush, MaxFresh",1 un,"$3.99
 ea.",,$3.99 /un.,"Regular price
$5.49  ea.","Valid until Feb 7, 2024",,https://www.metro.ca/en/online-grocery/search-page-514
FOUR O'CLOCK,Organic Earl Grey Loose Leaf Black Tea,16 un,"$4.49
 ea.",,$0.28 /un.,"Regular price
$5.29  ea.","Valid until Feb 7, 2024",https://product-images.metro.ca/images/h32/h15/12018738987038.jpg,https://www.metro.ca/en/online-grocery/search-page-514
WHISKAS,"Chicken And Tuna Flavoured Wet Cat Food In Gravy, Pe...",12x75 g,"$17.99
 ea.",,$2.00 /100g,,,,https://www.metro.ca/en/online-grocery/search-page-514
FERMES VALENS,Gluten Free Honey Garlic Sausages,3 un,"$8.99
 ea.",,$8.99 /un.,,,https://product-images.metro.ca/images/h65/heb/9071184511006.jpg,https://www.metro.ca/en/online-grocery/search-page-514
SCHÄR,Gluten Free Sliced Multigrain Bread,400 g,"$9.99
 ea.",,$2.50 /100g,,,https://product-images.metro.ca/images/hef/h6a/10841537216542.jpg,https://www.metro.ca/en/online-grocery/search-page-514
DAINTY,Jasmine Rice,1.6 kg,"$10.49
 ea.",,$0.66 /100g,"Regular price
$10.99  ea.","Valid until Jan 24, 2024",https://product-images.metro.ca/images/h56/h37/11693779025950.jpg,https://www.metro.ca/en/online-grocery/search-page-514
BIOITALIA,Organic Vegetable Spaghetti,500 g,"$5.29
 ea.",,$1.06 /100g,,,https://product-images.metro.ca/images/hb3/h6a/9836316524574.jpg,https://www.metro.ca/en/online-grocery/search-page-514
CONTRADICTION,Canadian White Wine,4 L,"$45.99
 ea.",,$1.15 /100ml,,,https://product-images.metro.ca/images/h9e/h5c/10529620852766.jpg,https://www.metro.ca/en/online-grocery/search-page-514
WALKERS,Pure Butter Chocolate Chip Shortbread Cookies,125 g,"$7.49
 ea.",,$5.99 /100g,,,https://product-images.metro.ca/images/ha2/h19/11292685369374.jpg,https://www.metro.ca/en/online-grocery/search-page-514
GUSTA,"Seitan Sausages, Smoked Onions",350 g,"$7.49
 ea.",,$2.14 /100g,"Regular price
$7.99  ea.","Valid until Jan 17, 2024",,https://www.metro.ca/en/online-grocery/search-page-514
DION,Steak Spices,150 g,"$6.29
 ea.",,$4.19 /100g,,,https://product-images.metro.ca/images/h80/h0e/10378901782558.jpg,https://www.metro.ca/en/online-grocery/search-page-514
IRRESISTIBLES,Whole Fennel Seeds,50 g,"$4.99
 ea.",,$9.98 /100g,,,https://product-images.metro.ca/images/h6a/hb0/12122174619678.jpg,https://www.metro.ca/en/online-grocery/search-page-514
WOOLITE,Daily Liquid Laundry Detergent,40 loads - 1.8 L,"$15.29
 ea.",,$0.85 /100ml,,,https://product-images.metro.ca/images/h89/h27/12174979301406.jpg,https://www.metro.ca/en/online-grocery/search-page-514
,Dill In A Pot,1 un,"$5.99
 ea.",,$5.99 /un.,,,https://product-images.metro.ca/images/h0b/h09/11511578787870.jpg,https://www.metro.ca/en/online-grocery/search-page-514
G-U-M,Dome Trim® Soft Toothbrush,1 un,"$1.99
 ea.",,$1.99 /un.,,,https://product-images.metro.ca/images/hfe/h5e/9526155509790.jpg,https://www.metro.ca/en/online-grocery/search-page-514
ALBERTO EUROPEAN,Unscented Weather Resistant Extra Hold Hairspray,213 g,"$5.49
 ea.",,$1.83 /100ml,,,https://product-images.metro.ca/images/h33/h13/8802990555166.jpg,https://www.metro.ca/en/online-grocery/search-page-514
ARM & HAMMER,"Pro Clean™ Battery Powered Soft Toothbrush, Spinbrush",1 un,"$11.99
 ea.",,$11.99 /un.,,,,https://www.metro.ca/en/online-grocery/search-page-514
CEDAR,"Medium Grain Rice, Calrose",8 kg,"$29.99
 ea.",,$0.37 /100g,"Regular price
$37.99  ea.","Valid until Jan 24, 2024",,https://www.metro.ca/en/online-grocery/search-page-514
DOMAINE CÔTES D'ARDOISE,"Quebec Red Wine, Côte D'Ardoise",750 mL,"$14.99
 ea.",,$2.00 /100ml,"Regular price
$15.99  ea.","Valid until Feb 7, 2024",,https://www.metro.ca/en/online-grocery/search-page-514
BOB'S RED MILL,Premium Quality Xanthan Gum,227 g,"$22.99
 ea.",,$10.13 /100g,,,https://product-images.metro.ca/images/h03/hbe/10020665884702.jpg,https://www.metro.ca/en/online-grocery/search-page-514
GARNIER,"Grow Strong™ Fortifying Shampoo, Fructis",370 mL,"$5.99
 ea.",,$1.62 /100ml,,,,https://www.metro.ca/en/online-grocery/search-page-514
VASELINE,Repairing Moisture™ Fast Absorbing Moisturizing Loti...,600 mL,"$10.99
 ea.",,$1.83 /100ml,,,,https://www.metro.ca/en/online-grocery/search-page-515
SAN PELLEGRINO,Tangerine And Wild Strawberry Flavoured Carbonated M...,8x330 mL,"$9.99
 ea.",,$0.38 /100ml,,,,https://www.metro.ca/en/online-grocery/search-page-515
BIOITALIA,"Organic Apple, Kiwi & Spinach Puree, Energy",120 g,"$1.79
 ea.",,$1.49 /100g,"Regular price
$2.19  ea.","Valid until Feb 7, 2024",,https://www.metro.ca/en/online-grocery/search-page-515
BIO-K+,Blueberry Flavoured Fermented Rice With Probiotics,6x98 g,"$21.99
 ea.",,$3.74 /100g,"Regular price
$24.99  ea.","Valid until Feb 14, 2024",https://www.metro.ca/images/shared/placeholders/icon-no-picture.svg?v=2023.71.1.d1,https://www.metro.ca/en/online-grocery/search-page-515
DEGREE,"Adventure Scent Antiperspirant Dry Spray For Men, Mo...",107 g,"$7.79
 ea.",,$7.28 /100g,,,,https://www.metro.ca/en/online-grocery/search-page-515
GÖT2B,"Invincible Styling Gel, Ultra Glued",170 ml,"$8.99
 ea.",,$5.29 /100ml,,,,https://www.metro.ca/en/online-grocery/search-page-515
SUNRYPE,"Fruit Snack Variety Pack, Fruit To Go",336 g,"$12.99
 ea.",,$3.87 /100g,,,,https://www.metro.ca/en/online-grocery/search-page-515
IAMS,Healthy Adult™ Chicken Recipe And Tuna Recipe Pâté C...,12x75 g,"$19.49
 ea.",,$2.17 /100g,,,,https://www.metro.ca/en/online-grocery/search-page-515
NESTLÉ,"Lactose Free Hazelnut Coffee Whitener, Coffee-Mate",425 g,"$5.49
 ea.",,$1.29 /100g,"Regular price
$7.29  ea.","Valid until Feb 7, 2024",,https://www.metro.ca/en/online-grocery/search-page-515
NUTBROWN,"Granola Blend With Dried Fruits And Almonds, Nutbrown",180 g,"$3.77
 ea.",,$2.09 /100g,"Regular price
$5.49  ea.","Valid until Jan 10, 2024",,https://www.metro.ca/en/online-grocery/search-page-515
LAURA SECORD,3" Raspberry And Chocolate Mousse Cakes,2x90 g,"2 / 
$14.00",,or $8.79 ea. $4.12 /100g,,"Valid until Jan 17, 2024",,https://www.metro.ca/en/online-grocery/search-page-515
LE PAIN DES FLEURS,Multi-Grain Organic & Gluten Free Crispbread,150 g,"$6.99
 ea.",,$4.66 /100g,"Regular price
$8.29  ea.","Valid until Jan 24, 2024",https://product-images.metro.ca/images/h0a/h1e/12191610896414.jpg,https://www.metro.ca/en/online-grocery/search-page-515
NAIR,Hair Remover Cream For Sensitive Skin,200 mL,"$9.99
 ea.",,$5.00 /100ml,,,https://product-images.metro.ca/images/h3a/h0d/10081757331486.jpg,https://www.metro.ca/en/online-grocery/search-page-515
ANTI+,Mango Juice,500 mL,"$6.49
 ea.",,$1.30 /100ml,"Regular price
$6.99  ea.","Valid until Jan 17, 2024",https://product-images.metro.ca/images/h9b/h96/9533560160286.jpg,https://www.metro.ca/en/online-grocery/search-page-515
NATURAL FRONTIER FOODS,Elk Steaks,224 g,"$12.99
 ea.",,$5.80 /100g,,,https://product-images.metro.ca/images/ha2/h4c/11432656207902.jpg,https://www.metro.ca/en/online-grocery/search-page-515
BIOITALIA,Organic Pesto Sauce With Basil,160 mL,"$9.99
 ea.",,$6.24 /100ml,,,https://product-images.metro.ca/images/hdb/h8b/9836443762718.jpg,https://www.metro.ca/en/online-grocery/search-page-515
JAMIESON,"Melatonin, Maximum Strength",60x10mg - time-release caplets,"$14.99
 ea.",,$0.25 /un.,,,,https://www.metro.ca/en/online-grocery/search-page-515
NEWCASTLE,Brown Ale Beer,500 mL - can,"$4.79
 ea.",,$0.96 /100ml,,,https://product-images.metro.ca/images/h72/hfd/9553069113374.jpg,https://www.metro.ca/en/online-grocery/search-page-515
LES CAPRICES D'ANTAN,Velvety Apple Butter,300 mL,"$6.49
 ea.",,$2.16 /100ml,,,https://product-images.metro.ca/images/h5e/h68/11590602588190.jpg,https://www.metro.ca/en/online-grocery/search-page-515
AXE,"Anarchy® Antiperspirant Stick, Dry",76 g,"$6.99
 ea.",,$9.20 /100g,,,,https://www.metro.ca/en/online-grocery/search-page-515
WHISKAS,"Beef Flavoured Adult Cat Food, Beef Selections",4 kg,"$20.99
 ea.",,$0.52 /100kg,,,,https://www.metro.ca/en/online-grocery/search-page-515
DOM,Frozen Organic Atlantic Salmon Portions,"2 portions, 227 g","$18.99
 ea.",,$8.37 /100g,"Regular price
$19.99  ea.","Valid until Jan 17, 2024",https://product-images.metro.ca/images/h45/h0e/11401336913950.jpg,https://www.metro.ca/en/online-grocery/search-page-515
AGGA COFFEE,Intenso K-Cup® Coffee Pods,16 un,"$9.99
 ea.",,$0.62 /un.,"Regular price
$10.99  ea.","Valid until Feb 7, 2024",https://product-images.metro.ca/images/he9/h44/12050787532830.jpg,https://www.metro.ca/en/online-grocery/search-page-515
L'ANCÊTRE,Organic Cheddar Cheese Aged 1 Year,200 g,"$11.29
 ea.",,$5.65 /100g,,,https://product-images.metro.ca/images/h91/h1f/9658073153566.jpg,https://www.metro.ca/en/online-grocery/search-page-515
MATILDE VICENZI,"Lemon Cream Cookies, Grisbi",150 g,"$4.49
 ea.",,$2.99 /100g,,,,https://www.metro.ca/en/online-grocery/search-page-515
DION,Organic Fish Seasoning,38 g,"$5.29
 ea.",,$13.92 /100g,,,https://product-images.metro.ca/images/ha0/h19/10319479177246.jpg,https://www.metro.ca/en/online-grocery/search-page-515
IRRESISTIBLES,Blueberry Muffins,6x100 g,"$7.99
 ea.",,$1.33 /100g,,,https://product-images.metro.ca/images/h7b/h0f/10475484512286.jpg,https://www.metro.ca/en/online-grocery/search-page-515
FOUR O'CLOCK,Organic Decaffeinated Green Tea,16 un,"$4.49
 ea.",,$0.28 /un.,"Regular price
$5.29  ea.","Valid until Feb 7, 2024",https://product-images.metro.ca/images/h96/h5d/12263423442974.jpg,https://www.metro.ca/en/online-grocery/search-page-515
METAMUCIL,"Fiber Supplements In Capsules, MultiHealth Fiber!",160 un,"$32.99
 ea.",,$0.21 /un.,,,,https://www.metro.ca/en/online-grocery/search-page-515
WERNLI,Biscuit With Dark Swiss Chocolate,125 g,"$5.49
 ea.",,$4.39 /100g,,,https://product-images.metro.ca/images/h5c/hf2/9000826929182.jpg,https://www.metro.ca/en/online-grocery/search-page-515
MICROBRASSERIE NOUVELLE-FRANCE,"Gluten-Free Blonde Ale Beer, La Messagère",6x341 mL - bottles,"$13.49
 ea.",,$0.66 /100ml,,,,https://www.metro.ca/en/online-grocery/search-page-516
GILLETTE,"Sensitive Skin Shave Gel With Aloe Vera, Satin Care",198 g,"$4.19
 ea.",,$2.12 /100g,,,,https://www.metro.ca/en/online-grocery/search-page-516
CRAVE,Frozen Pulled Chicken Burrito Bowl,320 g,"$4.99
 ea.",,$1.56 /100g,"Regular price
$5.99  ea.","Valid until Feb 14, 2024",https://product-images.metro.ca/images/h5d/h6b/9987164045342.jpg,https://www.metro.ca/en/online-grocery/search-page-516
NATUR,Peanut And Cocoa Spread,500 g,"$9.49
 ea.",,$1.90 /100g,,,https://product-images.metro.ca/images/h08/hec/10946126839838.jpg,https://www.metro.ca/en/online-grocery/search-page-516
ALPEN SECRETS,Ocean Breeze Moisturizing Foam Bath,1 L,"$4.99
 ea.",,$0.50 /100ml,,,https://product-images.metro.ca/images/h20/h9e/9526173794334.jpg,https://www.metro.ca/en/online-grocery/search-page-516
THEOBROMA,Organic Dark Chocolate 60% Cocoa With Cherry Chunks,80 g,"$5.29
 ea.",,$6.61 /100g,,,https://product-images.metro.ca/images/h16/ha4/11816797110302.jpg,https://www.metro.ca/en/online-grocery/search-page-516
LAKEWOOD,Organic Pineapple Juice,946 mL,"$11.49
 ea.",,$1.21 /100ml,,,https://product-images.metro.ca/images/h7e/h46/11679608930334.jpg,https://www.metro.ca/en/online-grocery/search-page-516
CEDAR,Enriched Durum Wheat Semolina,907 g,"$3.79
 ea.",,$0.42 /100g,"Regular price
$4.79  ea.","Valid until Jan 24, 2024",https://product-images.metro.ca/images/h24/hbd/8910779056158.jpg,https://www.metro.ca/en/online-grocery/search-page-516
HUGGIES,"6 Unscented Baby Wipes Flip-Top Packs, Simply Clean",6x64 un,"$16.99
 ea.",,$0.04 /un.,,,,https://www.metro.ca/en/online-grocery/search-page-516
TRADITION,"Wild Blueberry Juice, Health Vision",950 mL,"$7.49
 ea.",,$0.79 /100ml,"Regular price
$7.99  ea.","Valid until Jan 17, 2024",,https://www.metro.ca/en/online-grocery/search-page-516
LABATT,"Strong Lager Beer, Bleue Dry",740 mL - can,"$4.29
 ea.",,$0.58 /100ml,,,,https://www.metro.ca/en/online-grocery/search-page-516
LE MIEL D'ÉMILIE,Liquid Golden Honey,1 kg,"$12.99
 ea.",,$1.30 /100g,,,https://product-images.metro.ca/images/hfa/h52/8931416637470.jpg,https://www.metro.ca/en/online-grocery/search-page-516
FISH CRISP,Roasted Garlic And Butter Coating Mix,230 g,"$6.49
 ea.",,$1.91 /100g,,,https://product-images.metro.ca/images/hc0/h32/10053766250526.jpg,https://www.metro.ca/en/online-grocery/search-page-516
COLGATE,"Optic White™ Advanced Health Soft Toothbrush, 360°",1 un,"$7.99
 ea.",,$7.99 /un.,,,,https://www.metro.ca/en/online-grocery/search-page-516
CHAMPIGNONS SAUVAGES,Dried Bolete Mushrooms,14 g,"$5.99
 ea.",,$42.79 /100g,,,https://www.metro.ca/images/shared/placeholders/icon-no-picture.svg?v=2023.71.1.d1,https://www.metro.ca/en/online-grocery/search-page-516
BIC,Twin Select® 2 Blades Disposable Razors For Sensitiv...,10 un,"$4.69
 ea.",,$0.47 /un.,,,,https://www.metro.ca/en/online-grocery/search-page-516
METROGO!,"Stew And Meat Pie Plate, Value Pack",,"$21.39
 avg. ea.","(1,132 g avg.)",$18.90 /kg$8.57 /lb.,"Regular price
$19.90  avg. kg","Valid until Jan 17, 2024",,https://www.metro.ca/en/online-grocery/search-page-516
FINESSE,Moisturizing Shampoo With Keratin Protein,300 ml,"$3.29
 ea.",,$1.10 /100ml,"Regular price
$4.99  ea.","Valid until Feb 7, 2024",https://product-images.metro.ca/images/ha4/hf0/11892971831326.jpg,https://www.metro.ca/en/online-grocery/search-page-516
LA COSTEÑA,Mexican Mole,255 g,"$5.99
 ea.",,$2.35 /100g,,,https://product-images.metro.ca/images/h01/hf8/11829780742174.jpg,https://www.metro.ca/en/online-grocery/search-page-516
SO DELICIOUS,Non-Dairy Vanilla Bean Coconutmilk-Based Frozen Dess...,4x68 mL,"$7.49
 ea.",,$2.75 /100ml,,,,https://www.metro.ca/en/online-grocery/search-page-516
BIOITALIA,Organic Neapolitan Sauce,358 mL,"$5.99
 ea.",,$1.67 /100ml,,,https://product-images.metro.ca/images/h85/h24/11883394039838.jpg,https://www.metro.ca/en/online-grocery/search-page-516
MADEGOOD,Strawberry Granola Bites,100 g,"$4.49
 ea.",,$4.49 /100g,"Regular price
$4.99  ea.","Valid until Feb 7, 2024",https://product-images.metro.ca/images/h45/he9/11696054009886.jpg,https://www.metro.ca/en/online-grocery/search-page-516
FERMES VALENS,Gluten Free Farmer Sausages With 25% Less Salt,3 un,"$8.99
 ea.",,$8.99 /un.,,,https://product-images.metro.ca/images/had/h50/9071157903390.jpg,https://www.metro.ca/en/online-grocery/search-page-516
METROGO!,Bacon And Cheese Pork Meatloaf,,"$10.02
 avg. ea.",(650 g avg.),$15.41 /kg$6.99 /lb.,,,https://product-images.metro.ca/images/h3a/hfa/8864629293086.jpg,https://www.metro.ca/en/online-grocery/search-page-516
RED BULL,"Energy Drink, Blueberry",355 mL,"$3.99
 ea.",,$1.12 /100ml,,,https://product-images.metro.ca/images/he9/h55/10144896647198.jpg,https://www.metro.ca/en/online-grocery/search-page-516
FRESHPET,"Tender Chicken Dry Dog Food, Select",2.49 kg,"$30.99
 ea.",,$1.24 /100g,,,,https://www.metro.ca/en/online-grocery/search-page-516
NATURE'S BAKERY,"Apple, Cinnamon And Fig Bars",340 g,"$7.49
 ea.",,$2.20 /100g,"Regular price
$8.49  ea.","Valid until Feb 7, 2024",https://product-images.metro.ca/images/h9e/hb8/10547108249630.jpg,https://www.metro.ca/en/online-grocery/search-page-516
L'ORÉAL,"Anti-Frizz Smooth Intense Conditioner, Hair Expertise",385 mL,"$6.99
 ea.",,$1.82 /100ml,,,,https://www.metro.ca/en/online-grocery/search-page-516
VALOR,Creamy Milk Chocolate Bar With Hazelnut Cream,100 g,"$4.99
 ea.",,$4.99 /100g,,,https://product-images.metro.ca/images/h05/h45/9532928622622.jpg,https://www.metro.ca/en/online-grocery/search-page-516
PURINA ONE,"Beef Small Dry Dog Food, SmartBlend",1.81 kg,"$11.99
 ea.",,$0.66 /100g,"Regular price
$12.99  ea.","Valid until Jan 10, 2024",,https://www.metro.ca/en/online-grocery/search-page-516
,Bag Of Cara Cara Oranges,3 lb,"$7.99
 ea.",,$0.59 /100g,,,https://product-images.metro.ca/images/h26/hd8/8873003712542.jpg,https://www.metro.ca/en/online-grocery/search-page-517
TAMPAX,Super Plus Unscented Tampons With Cardboard Applicator,40 un,"$10.99
 ea.",,$0.27 /un.,,,https://product-images.metro.ca/images/hf4/hb7/12018782371870.jpg,https://www.metro.ca/en/online-grocery/search-page-517
GERBER,"Oat Banana Mango Baby Cereal, Stage 3",227 g,"$5.99
 ea.",,$2.64 /100g,"Regular price
$7.99  ea.","Valid until Feb 7, 2024",,https://www.metro.ca/en/online-grocery/search-page-517
FOUR O'CLOCK,Energy Strawberry And Guava Green Tea Bags,20 un,"$5.99
 ea.",,$0.30 /un.,,,https://product-images.metro.ca/images/h2c/h87/11764000620574.jpg,https://www.metro.ca/en/online-grocery/search-page-517
,Chicken Breast Halves Without Back,2 breast halves per tray,"$8.26
 avg. ea.",(500 g avg.),$16.51 /kg$7.49 /lb.,,,https://product-images.metro.ca/images/hf8/h10/9233887658014.jpg,https://www.metro.ca/en/online-grocery/search-page-517
LÄRABAR,Gluten Free Peanut Butter And Chocolate Chip Fruit A...,16x45 g,"$31.79
 ea.",,$4.42 /100g,"Regular price
$35.99  ea.","Valid until Feb 7, 2024",,https://www.metro.ca/en/online-grocery/search-page-517
TAMPAX,Super Tampons With Cardboard Applicator,40 un,"$10.99
 ea.",,$0.27 /un.,,,https://product-images.metro.ca/images/h50/h13/11540933148702.jpg,https://www.metro.ca/en/online-grocery/search-page-517
LOACKER,White Chocolate And Coconut Gran Pasticceria Wafer C...,100 g,"$4.49
 ea.",,$4.49 /100g,"Regular price
$4.99  ea.","Valid until Jan 24, 2024",,https://www.metro.ca/en/online-grocery/search-page-517
DION,Safflower,8 g,"$3.99
 ea.",,$49.88 /100g,,,https://product-images.metro.ca/images/h21/hc8/10278130024478.jpg,https://www.metro.ca/en/online-grocery/search-page-517
CARAPELLI,Organic Unfiltered Extra Virgin Olive Oil,500 mL,"$12.99
 ea.",,$2.60 /100ml,"Regular price
$13.99  ea.","Valid until Feb 7, 2024",https://product-images.metro.ca/images/h44/hf5/11267569778718.jpg,https://www.metro.ca/en/online-grocery/search-page-517
CHAVROUX,Goat Cheese With Chives,150 g,"$8.00
 ea.",,$5.33 /100g,,,https://product-images.metro.ca/images/hcc/h7a/9719764779038.jpg,https://www.metro.ca/en/online-grocery/search-page-517
MAYACAMAS,Vegetarian Gluten Free Brown Gravy Mix,18 g,"$1.59
 ea.",,$8.37 /100g,,,https://product-images.metro.ca/images/hc2/he7/8854893658142.jpg,https://www.metro.ca/en/online-grocery/search-page-517
IRRESISTIBLES,Manhattan Nut Mix,600 g,"$6.99
 ea.",,$1.17 /100g,"Regular price
$7.99  ea.","Valid until Jan 10, 2024",https://product-images.metro.ca/images/h84/h7a/9131793514526.jpg,https://www.metro.ca/en/online-grocery/search-page-517
IRRESISTIBLES,Dried Fine Herbs Blend,18 g,"$2.49
 ea.",,$13.83 /100g,,,https://product-images.metro.ca/images/h8d/h9a/8987608285214.jpg,https://www.metro.ca/en/online-grocery/search-page-517
PASTENE,Espresso Ground Coffee,300 g,"$9.29
 ea.",,$3.10 /100g,,,https://product-images.metro.ca/images/h5e/h8a/10509499367454.jpg,https://www.metro.ca/en/online-grocery/search-page-517
SELECTION,Jasmine Rice,400 g,"2 / 
$5.00",,$0.63 /100g,"Regular price
$2.99  ea.","Valid until Jan 24, 2024",https://product-images.metro.ca/images/hc1/h40/11521403093022.jpg,https://www.metro.ca/en/online-grocery/search-page-517
GOGO QUINOA,Organic Quinoa Instant Flakes,350 g,"$6.29
 ea.",,$1.80 /100g,,,https://product-images.metro.ca/images/h54/he2/10212081369118.jpg,https://www.metro.ca/en/online-grocery/search-page-517
,Aged And Boneless Angus Beef Ribeye Steak,,"$40.56
 avg. ea.",,$101.39 /kg$45.99 /lb.,,,https://www.metro.ca/images/shared/placeholders/icon-no-picture.svg?v=2023.71.1.d1,https://www.metro.ca/en/online-grocery/search-page-517
GOOD COOK,Egg Slicer,1 un,"$4.19
 ea.",,$4.19 /un.,,,https://product-images.metro.ca/images/hbc/h08/9183102402590.jpg,https://www.metro.ca/en/online-grocery/search-page-517
DEGREE,Sheer Powder Invisible Solid Antiperspirant,74 g,"$5.49
 ea.",,$7.22 /100g,,,https://product-images.metro.ca/images/h18/hd8/11654995279902.jpg,https://www.metro.ca/en/online-grocery/search-page-517
TIPIAK,Precooked Polenta,500 g,"$5.99
 ea.",,$1.20 /100g,"Regular price
$7.49  ea.","Valid until Jan 24, 2024",https://product-images.metro.ca/images/h7b/hdb/9711258599454.jpg,https://www.metro.ca/en/online-grocery/search-page-517
SNOWDON BAKERY,Sliced Russian Bread,625 g,"$6.99
 ea.",,$1.12 /100g,,,https://product-images.metro.ca/images/hde/h2f/8911938191390.jpg,https://www.metro.ca/en/online-grocery/search-page-517
DOVE,"Fragrance Free Sensitive Moisture Tip To Toe Wash, Baby",384 mL,"$7.99
 ea.",,$2.08 /100ml,,,,https://www.metro.ca/en/online-grocery/search-page-517
MARC ANTHONY,"Curl Envy Perfect Curl Cream, Strictly Curls",175 mL,"$11.99
 ea.",,$6.85 /100ml,,,,https://www.metro.ca/en/online-grocery/search-page-517
JAMIESON,Exotic Tropical Fruit Flavoured Vitamin D3,100x1000iu - tablets,"$8.99
 ea.",,$0.09 /un.,,,https://product-images.metro.ca/images/he5/hf9/9523008372766.jpg,https://www.metro.ca/en/online-grocery/search-page-517
MILLE FLEURS,Red Pepper Confit,250 mL,"$7.99
 ea.",,$3.20 /100ml,,,https://product-images.metro.ca/images/hf4/h19/8897142456350.jpg,https://www.metro.ca/en/online-grocery/search-page-517
SIMPLY DELISH,Chocolate Instant Pudding,49 g,"$2.99
 ea.",,$6.10 /100g,"Regular price
$3.29  ea.","Valid until Feb 7, 2024",https://product-images.metro.ca/images/h90/h0e/12083914211358.jpg,https://www.metro.ca/en/online-grocery/search-page-517
TRADITION,"Organic Sparkling Apple, Pear & Cranberry Juice",750 mL,"$6.99
 ea.",,$0.93 /100ml,,,https://product-images.metro.ca/images/h27/h2b/9532741451806.jpg,https://www.metro.ca/en/online-grocery/search-page-517
A.VOGEL,"Organic Zesty Aromatic Sea Salt, Herbamare",250 g,"$6.99
 ea.",,$2.80 /100g,,,,https://www.metro.ca/en/online-grocery/search-page-517
SECRET,Lavender Scented Clear Gel Antiperspirant And Deodor...,45 g,"$5.99
 ea.",,$13.31 /100g,,,,https://www.metro.ca/en/online-grocery/search-page-517
FRESHPET,"Chicken And Vegetables Roll For Dogs, Select",2.72 kg,"$23.79
 ea.",,$0.87 /100g,,,,https://www.metro.ca/en/online-grocery/search-page-518
RITTER SPORT,Milk Chocolate With Whole Almonds,100 g,"$3.49
 ea.",,$3.49 /100g,"Regular price
$4.49  ea.","Valid until Jan 24, 2024",https://product-images.metro.ca/images/hb9/h63/11860651442206.jpg,https://www.metro.ca/en/online-grocery/search-page-518
XAVIER,Rosé Flavoured Sparkling Juice,750 mL,"$5.99
 ea.",,$0.80 /100ml,"Regular price
$6.99  ea.","Valid until Feb 7, 2024",https://product-images.metro.ca/images/h13/h38/9532768845854.jpg,https://www.metro.ca/en/online-grocery/search-page-518
TUTTI GOURMET,Almond Biscotti,180 g,"$6.49
 ea.",,$3.61 /100g,,,https://product-images.metro.ca/images/hf3/ha8/11761464082462.jpg,https://www.metro.ca/en/online-grocery/search-page-518
COLGATE,Extra Clean® Medium Toothbrush,1 un,"$1.99
 ea.",,$1.99 /un.,,,https://product-images.metro.ca/images/h5f/h26/11734991142942.jpg,https://www.metro.ca/en/online-grocery/search-page-518
NUTERRA,Dark Chocolate And Hazelnuts Granola,400 g,"$8.99
 ea.",,$2.25 /100g,"Regular price
$9.99  ea.","Valid until Feb 7, 2024",https://product-images.metro.ca/images/h1e/h2a/11198069538846.jpg,https://www.metro.ca/en/online-grocery/search-page-518
AIR WICK,"Fresh Water Breeze Fragrant Mist Refill, Essential Mist",20 ml,"$7.49
 ea.",,$37.45 /100ml,,,,https://www.metro.ca/en/online-grocery/search-page-518
GARNIER,"Oat Delicacy Gentle Conditionner, Whole Blends",370 ml,"$6.49
 ea.",,$1.75 /100ml,,,,https://www.metro.ca/en/online-grocery/search-page-518
GIBIERS CANABEC,"Duck, Blueberry And Green Tea Sausages",300 g,"$9.99
 ea.",,$3.33 /100g,"Regular price
$10.99  ea.","Valid until Jan 17, 2024",https://product-images.metro.ca/images/h6d/h27/11432657780766.jpg,https://www.metro.ca/en/online-grocery/search-page-518
DION,Granulated Garlic,55 g,"$4.49
 ea.",,$8.16 /100g,,,https://product-images.metro.ca/images/hcc/h71/9530174865438.jpg,https://www.metro.ca/en/online-grocery/search-page-518
CAT CHOW,"Chicken And Salmon Dry Cat Food, Naturals",1.42 kg,"$11.99
 ea.",,$0.01 /kg,,,,https://www.metro.ca/en/online-grocery/search-page-518
SLEEMAN,"Lager Beer, Original Draught",24x355 mL - cans,"$36.99
 ea.",,$0.43 /100ml,,,,https://www.metro.ca/en/online-grocery/search-page-518
SIMPLY DELISH,Raspberry Jelly,20 g,"$2.99
 ea.",,$14.95 /100g,"Regular price
$3.29  ea.","Valid until Feb 7, 2024",https://product-images.metro.ca/images/h18/h53/11243986485278.jpg,https://www.metro.ca/en/online-grocery/search-page-518
STARFRIT,Mightican Can Opener,1 un,"$17.49
 ea.",,$17.49 /un.,,,https://product-images.metro.ca/images/h2b/h47/9999302000670.jpg,https://www.metro.ca/en/online-grocery/search-page-518
VILEDA,Fibro Contact Mop,1 un,"$22.99
 ea.",,$22.99 /un.,,,https://product-images.metro.ca/images/h65/h2e/8809580789790.jpg,https://www.metro.ca/en/online-grocery/search-page-518
BLUE DRAGON,3 Step Pad Thai Cooking Sauce And Rice Noodle Kit,220 g,"$4.79
 ea.",,$2.18 /100g,"Regular price
$5.99  ea.","Valid until Jan 24, 2024",https://product-images.metro.ca/images/h37/hcf/9740303138846.jpg,https://www.metro.ca/en/online-grocery/search-page-518
IRRESISTIBLES,Square Naan Sandwich Bread,360 g,"2 / 
$7.00",,or $3.99 ea. $0.97 /100g,"Regular price
$4.19  ea.","Valid until Jan 10, 2024",https://product-images.metro.ca/images/hfa/h1c/11521436581918.jpg,https://www.metro.ca/en/online-grocery/search-page-518
MILLE FLEURS,Port Wine Jelly,250 mL,"$10.99
 ea.",,$4.40 /100ml,,,https://product-images.metro.ca/images/h22/h70/10062185201694.jpg,https://www.metro.ca/en/online-grocery/search-page-518
VINCENT VARIÉTÉ,Dotted Anniversary Candle With Number 1,1 un,"$2.69
 ea.",,$2.69 /un.,,,https://product-images.metro.ca/images/h89/h3e/8907341266974.jpg,https://www.metro.ca/en/online-grocery/search-page-518
RICHELIEU MEAT,Frozen Bison Fondue Meat,250 g,"$15.99
 ea.",,$6.40 /100g,,,https://product-images.metro.ca/images/h7e/hd0/11432676392990.jpg,https://www.metro.ca/en/online-grocery/search-page-518
JOIE,Quack Floating Tea Infuser,1 un,"$6.99
 ea.",,$6.99 /un.,,,https://product-images.metro.ca/images/h86/h35/9218564849694.jpg,https://www.metro.ca/en/online-grocery/search-page-518
FRESHPET,"Beef And Vegetables Roll For Dogs, Select",2.72 kg,"$23.79
 ea.",,$0.87 /100g,,,,https://www.metro.ca/en/online-grocery/search-page-518
PERONI NASTRO AZZURRO,Italian Lager Beer,500 mL - can,"$3.99
 ea.",,$0.80 /100ml,"Regular price
$4.49  ea.","Valid until Feb 7, 2024",https://product-images.metro.ca/images/h67/hcf/11349096267806.jpg,https://www.metro.ca/en/online-grocery/search-page-518
R.W. KNUDSEN FAMILY,Just Black Cherry™ Juice,946 mL,"$11.49
 ea.",,$1.21 /100ml,,,https://product-images.metro.ca/images/hac/h8b/11511526359070.jpg,https://www.metro.ca/en/online-grocery/search-page-518
LES COCOTTES,Alcohol-Free French Red Wine,750 mL,"$7.99
 ea.",,$1.07 /100ml,"Regular price
$8.99  ea.","Valid until Feb 7, 2024",https://product-images.metro.ca/images/h0d/h5d/8981703852062.jpg,https://www.metro.ca/en/online-grocery/search-page-518
,Garlic,115 g,"$4.99
 ea.",,$4.34 /100g,,,https://product-images.metro.ca/images/hb4/h76/8898266824734.jpg,https://www.metro.ca/en/online-grocery/search-page-518
L'ORÉAL,Thickening 2-In-1 Shampoo And Conditioner For Fine A...,385 ml,"$6.99
 ea.",,$1.82 /100ml,,,,https://www.metro.ca/en/online-grocery/search-page-518
PURINA ONE,"Turkey And Venison Dry Dog Food, True Instinct",6.80 kg,"$35.49
 ea.",,$0.52 /100g,,,,https://www.metro.ca/en/online-grocery/search-page-518
JAMIESON,"Echinacea, Extra Strength",120 un,"$20.99
 ea.",,$0.17 /un.,,,,https://www.metro.ca/en/online-grocery/search-page-518
GOLOSINI,Green Olives Bella Di Cerignola,314 mL,"$4.39
 ea.",,$1.40 /100ml,,,https://product-images.metro.ca/images/h6b/h72/8844754255902.jpg,https://www.metro.ca/en/online-grocery/search-page-518
DAVID LUMBROSO,Regular Meringue,85 g,"$5.49
 ea.",,$6.46 /100g,,,https://product-images.metro.ca/images/h4b/h3d/11511608049694.jpg,https://www.metro.ca/en/online-grocery/search-page-519
SECRET,Classic Cocoa Butter Scented Antiperspirant And Deod...,45 g,"$5.99
 ea.",,$13.31 /100g,,,,https://www.metro.ca/en/online-grocery/search-page-519
CEDAR,Orange Blossom Water,250 mL,"$2.99
 ea.",,$1.20 /100ml,,,https://product-images.metro.ca/images/he7/h7b/8881858150430.jpg,https://www.metro.ca/en/online-grocery/search-page-519
MCCAIN,"Frozen Coconut And Vanilla Cake, Deep'N Delicious",510 g,"$7.49
 ea.",,$1.47 /100g,,,,https://www.metro.ca/en/online-grocery/search-page-519
TIM HORTONS,"Decaf K-Cup® Coffee Pods, Keurig",30 un,"$23.99
 ea.",,$0.80 /un.,,,,https://www.metro.ca/en/online-grocery/search-page-519
GARNIER,"Grow Strong™ Fortifying Conditioner, Fructis",354 mL,"$5.99
 ea.",,$1.69 /100ml,,,,https://www.metro.ca/en/online-grocery/search-page-519
SELECTION,Pork Ears,6 un,"$16.99
 ea.",,$2.83 /un.,,,https://product-images.metro.ca/images/hbe/hdf/9096968437790.jpg,https://www.metro.ca/en/online-grocery/search-page-519
MATILDE VICENZI,"Classic Ladyfingers For Original Italian Tiramisù, V...",400 g,"$6.49
 ea.",,$1.62 /100g,,,,https://www.metro.ca/en/online-grocery/search-page-519
RUG DOCTOR,Pet Formula Carpet Cleaner,1.42 L,"$18.99
 ea.",,$1.34 /100ml,,,https://product-images.metro.ca/images/hd3/hd3/11281603362846.jpg,https://www.metro.ca/en/online-grocery/search-page-519
QUALI DESSERTS,Frozen Chocolate Boston Cake,8 in - 900 g,"$18.99
 ea.",,$2.11 /100g,,,https://product-images.metro.ca/images/h93/h88/8906963124254.jpg,https://www.metro.ca/en/online-grocery/search-page-519
NUTBROWN,"Granola Blend With Almonds, Currants And Dark Chocol...",180 g,"$3.77
 ea.",,$2.09 /100g,"Regular price
$5.49  ea.","Valid until Jan 10, 2024",,https://www.metro.ca/en/online-grocery/search-page-519
RIVIERA,Organic Parmesan Cheese,200 g,"$9.29
 ea.",,$4.65 /100g,,,https://product-images.metro.ca/images/hb2/h3c/9508265459742.jpg,https://www.metro.ca/en/online-grocery/search-page-519
AXE,Kilo® Daily Fragrance,113 g,"$6.99
 ea.",,$6.19 /100g,,,https://product-images.metro.ca/images/h82/h61/11570792398878.jpg,https://www.metro.ca/en/online-grocery/search-page-519
STARFRIT,"Round Plastic Container, Lock&Lock",1 un,"$3.69
 ea.",,$3.69 /un.,,,,https://www.metro.ca/en/online-grocery/search-page-519
DOVE,"Rich Moisture Tip To Toe Wash, Baby",384 mL,"$7.99
 ea.",,$2.08 /100ml,,,,https://www.metro.ca/en/online-grocery/search-page-519
NIVEA,"Firming Body Lotion With Creatine For Normal Skin, Q...",473 mL,"$10.99
 ea.",,$2.32 /100ml,,,,https://www.metro.ca/en/online-grocery/search-page-519
HARVEST SUN,Organic Vegetable Broth Cubes,60 g,"$3.49
 ea.",,$5.29 /100g,,,https://product-images.metro.ca/images/hd4/h8b/9530130989086.jpg,https://www.metro.ca/en/online-grocery/search-page-519
OPTI-FREE,Multi-Purpose Disinfecting Solution For Contact Lens...,300 ml,"$15.99
 ea.",,$5.33 /100ml,,,,https://www.metro.ca/en/online-grocery/search-page-519
AQUA VELVA,Classic Ice Blue® Cooling After-Shave,235 ml,"$5.29
 ea.",,$2.25 /100ml,,,https://product-images.metro.ca/images/h63/hce/9514323607582.jpg,https://www.metro.ca/en/online-grocery/search-page-519
TRADITION,Organic Sparkling Apple Juice,750 mL,"$6.99
 ea.",,$0.93 /100ml,,,https://product-images.metro.ca/images/hd9/h9c/9532781297694.jpg,https://www.metro.ca/en/online-grocery/search-page-519
IAMS,"Minichunks™ Chicken Super Premium Dog Food, ProActiv...",6.8 kg,"$29.99
 ea.",,$0.44 /100g,"Regular price
$31.99  ea.","Valid until Jan 24, 2024",,https://www.metro.ca/en/online-grocery/search-page-519
NATUR,"Strawberry Home-Style Spread, Le Fruit",235 mL,"$5.49
 ea.",,$2.34 /100g,,,,https://www.metro.ca/en/online-grocery/search-page-519
FERMES VALENS,Chorizo Sausages,3 un,"$8.99
 ea.",,$8.99 /un.,,,https://product-images.metro.ca/images/ha2/h6a/9071183527966.jpg,https://www.metro.ca/en/online-grocery/search-page-519
VILEDA,"Enclosed Toilet Brush Set, Powerfibres",1 un,"$12.29
 ea.",,"$1,229.00 /100un.",,,,https://www.metro.ca/en/online-grocery/search-page-519
PERONI NASTRO AZZURRO,Italian Lager Beer,6x330 mL - bottles,"$12.99
 ea.",,$0.66 /100ml,"Regular price
$14.99  ea.","Valid until Feb 7, 2024",https://product-images.metro.ca/images/h0f/h91/11349094563870.jpg,https://www.metro.ca/en/online-grocery/search-page-519
JAMIESON,"Citrus Twist Flavoured Multivitamins, Multi",60 un - chewabLe tablets,"$18.49
 ea.",,$30.82 /100un.,,,,https://www.metro.ca/en/online-grocery/search-page-519
PATAK'S,Korma Curry Paste,284 mL,"$6.29
 ea.",,$2.21 /100ml,,,https://product-images.metro.ca/images/hd7/h1b/9973626339358.jpg,https://www.metro.ca/en/online-grocery/search-page-519
AVEENO,Skin Relief Moisturizing Lotion With Cooling Menthol,227 mL,"$9.99
 ea.",,$4.40 /100ml,,,https://product-images.metro.ca/images/heb/hfb/12083863945246.jpg,https://www.metro.ca/en/online-grocery/search-page-519
ANTI+,Blueberry Juice,4x125 mL,"$7.99
 ea.",,$1.60 /100ml,,,https://product-images.metro.ca/images/ha2/h5f/9973619687454.jpg,https://www.metro.ca/en/online-grocery/search-page-519
IMPÉRIAL POPCORN,Pink Popcorn,178 g,"$3.29
 ea.",,$1.85 /100g,,,https://product-images.metro.ca/images/ha4/h60/11735094132766.jpg,https://www.metro.ca/en/online-grocery/search-page-519
BABYBEL,Original Mini Cheeses,360 g,"$10.99
 ea.",,$3.05 /100g,,,https://product-images.metro.ca/images/h80/hdc/11761529552926.jpg,https://www.metro.ca/en/online-grocery/search-page-520
STEAZ,Peach Flavoured Lightly Sweetened Organic Iced Green...,473 mL,"$2.69
 ea.",,$0.57 /100ml,,,,https://www.metro.ca/en/online-grocery/search-page-520
FERMES VALENS,Gluten Free Merguez Sausages,3 un,"$8.99
 ea.",,$8.99 /un.,,,https://product-images.metro.ca/images/h71/h25/9071151415326.jpg,https://www.metro.ca/en/online-grocery/search-page-520
PANERISO FOODS,Gluten & Wheat Free Sugar Cones,12 un,"$5.99
 ea.",,$4.54 /100g,,,https://product-images.metro.ca/images/hf1/h10/11702537027614.jpg,https://www.metro.ca/en/online-grocery/search-page-520
FRESHPET,"Tender Chicken Flavoured Dry Cat Food, Select",454 g,"$8.29
 ea.",,$1.83 /100g,,,,https://www.metro.ca/en/online-grocery/search-page-520
OSHLAG,Nano IPA Beer,473 mL - can,"$3.49
 ea.",,$0.74 /100ml,,,https://product-images.metro.ca/images/hdb/hd3/10184291680286.jpg,https://www.metro.ca/en/online-grocery/search-page-520
SWISSLI,0 G Sugar Muesli Cereal,450 g,"$7.29
 ea.",,$1.62 /100g,,,https://product-images.metro.ca/images/ha3/h51/9533612883998.jpg,https://www.metro.ca/en/online-grocery/search-page-520
COVERED BRIDGE,Sea Salt & Vinegar Old Fashioned Kettle Cooked Chips,170 g,"$4.49
 ea.",,$2.64 /100g,"Regular price
$4.99  ea.","Valid until Jan 24, 2024",https://product-images.metro.ca/images/h2f/hec/9836192071710.jpg,https://www.metro.ca/en/online-grocery/search-page-520
CEDAR,Light Tuna Chunks In Water,170 g,"$2.29
 ea.",,$1.35 /100g,"Regular price
$2.49  ea.","Valid until Jan 24, 2024",https://product-images.metro.ca/images/hc1/h9d/11590640664606.jpg,https://www.metro.ca/en/online-grocery/search-page-520
ARM & HAMMER,"Fresh Scent Clear Gel Antiperspirant, Advance",113 g,"$3.49
 ea.",,$3.09 /100g,,,,https://www.metro.ca/en/online-grocery/search-page-520
FOUR O'CLOCK,Mint Green Tea,16 un,"$4.49
 ea.",,$0.28 /un.,"Regular price
$5.29  ea.","Valid until Feb 7, 2024",https://product-images.metro.ca/images/h5f/hbb/12263421607966.jpg,https://www.metro.ca/en/online-grocery/search-page-520
DION,Organic Lemon Peel,40 g,"$8.49
 ea.",,$21.23 /100g,,,https://product-images.metro.ca/images/h1d/h86/10344175829022.jpg,https://www.metro.ca/en/online-grocery/search-page-520
MATILDE VICENZI,"Double Chocolate Cookies, Grisbi",150 g,"$4.49
 ea.",,$2.99 /100g,,,,https://www.metro.ca/en/online-grocery/search-page-520
VALOR,Milk Chocolate Bar Without Added Sugar,100 g,"$4.69
 ea.",,$4.69 /100g,,,https://product-images.metro.ca/images/h6b/h68/11829775269918.jpg,https://www.metro.ca/en/online-grocery/search-page-520
ROYAL NUTS,Organic Sea Salt Seasoned Almonds,185 g,"$10.99
 ea.",,$5.94 /100g,"Regular price
$11.99  ea.","Valid until Jan 10, 2024",https://product-images.metro.ca/images/h65/h9e/11849453404190.jpg,https://www.metro.ca/en/online-grocery/search-page-520
SOLO FRUIT,Organic Mango Sorbet,500 mL,"$5.99
 ea.",,$1.20 /100ml,"Regular price
$6.99  ea.","Valid until Feb 14, 2024",https://product-images.metro.ca/images/hbd/h91/9927614988318.jpg,https://www.metro.ca/en/online-grocery/search-page-520
IRRESISTIBLES,Salted Roasted Peanuts,1 kg,"$9.99
 ea.",,$1.00 /100g,,,https://product-images.metro.ca/images/h98/hd7/9240370774046.jpg,https://www.metro.ca/en/online-grocery/search-page-520
ORAJEL,Paw Patrol™ Fluoride-Free Training Toothpaste,42.5 g,"$4.29
 ea.",,$10.09 /100g,,,https://product-images.metro.ca/images/h7e/h2c/10344216264734.jpg,https://www.metro.ca/en/online-grocery/search-page-520
INÉWA,Organic Buckweat Sourdough Sliced Bread,600 g,"$5.29
 ea.",,$0.96 /100g,"Regular price
$6.49  ea.","Valid until Feb 14, 2024",https://product-images.metro.ca/images/hb3/h51/10062182383646.jpg,https://www.metro.ca/en/online-grocery/search-page-520
VEGA,"Chocolate Flavoured Gluten Free Proteins, Protein & ...",521 g,"$39.99
 ea.",,$7.68 /100g,,,,https://www.metro.ca/en/online-grocery/search-page-520
WILTON,12'' Pizza Crisper,1 un,"$9.99
 ea.",,$9.99 /un.,,,https://product-images.metro.ca/images/ha0/h79/10323520552990.jpg,https://www.metro.ca/en/online-grocery/search-page-520
,Green Beans,340 g,"$4.99
 ea.",,$1.47 /100g,,,https://product-images.metro.ca/images/h6c/hcf/9335904567326.jpg,https://www.metro.ca/en/online-grocery/search-page-520
BIC,"Glide Disposable Razors, Soleil",2 un,"$9.49
 ea.",,$4.75 /un.,,,,https://www.metro.ca/en/online-grocery/search-page-520
ANTI+,Raspberry Juice,500 mL,"$6.49
 ea.",,$1.30 /100ml,"Regular price
$6.99  ea.","Valid until Jan 17, 2024",https://product-images.metro.ca/images/h68/hbe/9533445242910.jpg,https://www.metro.ca/en/online-grocery/search-page-520
CAT CHOW,"Chicken And Turkey Indoor Dry Cat Food, Naturals",1.42 kg,"$11.99
 ea.",,$0.01 /kg,,,,https://www.metro.ca/en/online-grocery/search-page-520
FOUR O'CLOCK,"Peaceful Dreams Herbal Tea Bags, Organic Fairtrade",16 un,"$4.49
 ea.",,$0.28 /un.,"Regular price
$5.29  ea.","Valid until Feb 7, 2024",,https://www.metro.ca/en/online-grocery/search-page-520
,Candles With Multicoloured Dots,24 un,"$2.69
 ea.",,$2.69 /un.,,,https://product-images.metro.ca/images/hba/hdb/8939336269854.jpg,https://www.metro.ca/en/online-grocery/search-page-520
DR. OETKER,"Frozen Cheese And Garlic Pizza Fingers, Giuseppe",317 g,"$5.49
 ea.",,$1.73 /100g,,,,https://www.metro.ca/en/online-grocery/search-page-520
LES CAPRICES D'ANTAN,Blueberry And Apple Spread,300 mL,"$6.49
 ea.",,$2.16 /100ml,,,https://product-images.metro.ca/images/he3/he2/11590606225438.jpg,https://www.metro.ca/en/online-grocery/search-page-520
DION,Chervil,6 g,"$3.69
 ea.",,$61.50 /100g,,,https://product-images.metro.ca/images/h21/h22/8887888609310.jpg,https://www.metro.ca/en/online-grocery/search-page-520
,Peeled Garlic,125 g,"$2.99
 ea.",,$2.39 /100g,,,https://product-images.metro.ca/images/h34/h0b/8898270494750.jpg,https://www.metro.ca/en/online-grocery/search-page-521
ORAL-B,"Replacement Brush Heads, Precision Clean",3 un,"$29.99
 ea.",,$10.00 /un.,,,,https://www.metro.ca/en/online-grocery/search-page-521
DUHAIME,Fig And Date Maple Spread For Cheese,60 mL,"$4.29
 ea.",,$7.15 /100ml,,,https://product-images.metro.ca/images/h31/h47/9533498687518.jpg,https://www.metro.ca/en/online-grocery/search-page-521
METROGO!,Asian Vegetable Mix,,"$5.99
 ea.",,$1.26 /100g,,,https://product-images.metro.ca/images/h6b/hb2/8836984242206.jpg,https://www.metro.ca/en/online-grocery/search-page-521
DION,Ground Cardamom Seeds,38 g,"$10.49
 ea.",,$27.61 /100g,,,https://product-images.metro.ca/images/h27/h5d/10378901159966.jpg,https://www.metro.ca/en/online-grocery/search-page-521
BIOITALIA,Organic Tomato Paste,300 mL,"$4.99
 ea.",,$1.66 /100ml,,,https://product-images.metro.ca/images/hdf/hd1/9836333072414.jpg,https://www.metro.ca/en/online-grocery/search-page-521
RED BULL,"Energy Drink, Tropical",355 mL,"$3.99
 ea.",,$1.12 /100ml,,,https://product-images.metro.ca/images/hdd/h44/11481657573406.jpg,https://www.metro.ca/en/online-grocery/search-page-521
AGROPUR SIGNATURE,Sliced Oka Raclette Cheese,,"$16.36
 avg. ea.",(400 g avg.),$40.90 /kg$18.55 /lb.,,,https://product-images.metro.ca/images/hf8/h8f/9300951826462.jpg,https://www.metro.ca/en/online-grocery/search-page-521
ARNOTT'S,"Double Coat Chocolate Cookies, Tim Tam",200 g,"$4.99
 ea.",,$2.50 /100g,,,,https://www.metro.ca/en/online-grocery/search-page-521
FOLGERS,Black Silk® Dark Roast Recyclable K-Cup® Coffee Pods...,30 un,"$18.99
 ea.",,$0.63 /un.,"Regular price
$19.99  ea.","Valid until Feb 7, 2024",,https://www.metro.ca/en/online-grocery/search-page-521
CADBURY,"Frozen Caramilk Sticks, Caramilk",5x80 mL,"$5.99
 ea.",,$1.50 /100ml,"Regular price
$8.79  ea.","Valid until Jan 24, 2024",,https://www.metro.ca/en/online-grocery/search-page-521
BIC,Silky Touch® 2 Blades Disposable Razors,10 un,"$4.69
 ea.",,$0.47 /un.,,,https://product-images.metro.ca/images/h4d/hc6/8801763721246.jpg,https://www.metro.ca/en/online-grocery/search-page-521
METROGO!,Seasoned Chicken Legs,2 legs per tray,"$5.61
 avg. ea.",(500 g avg.),$11.22 /kg$5.09 /lb.,,,https://product-images.metro.ca/images/h94/ha6/9229793099806.jpg,https://www.metro.ca/en/online-grocery/search-page-521
PURINA ONE,Chicken And Rice Dry Dog Food,7 kg,"$32.99
 ea.",,$0.47 /100g,,,https://product-images.metro.ca/images/hd4/hbb/11492907155486.jpg,https://www.metro.ca/en/online-grocery/search-page-521
LA COSTEÑA,Taquera Sauce,455 mL,"$5.99
 ea.",,$1.32 /100g,,,https://product-images.metro.ca/images/hc5/hc8/11274304880670.jpg,https://www.metro.ca/en/online-grocery/search-page-521
LES CAPRICES D'ANTAN,Strawberry And Apple Spread,300 mL,"$6.49
 ea.",,$2.16 /100ml,,,https://product-images.metro.ca/images/hd2/h58/11590604029982.jpg,https://www.metro.ca/en/online-grocery/search-page-521
SIMPLY DELISH,Vanilla Instant Pudding,48 g,"$2.99
 ea.",,$6.23 /100g,"Regular price
$3.29  ea.","Valid until Feb 7, 2024",https://product-images.metro.ca/images/he4/hc9/11243986583582.jpg,https://www.metro.ca/en/online-grocery/search-page-521
CAMINO,Organic Milk Hot Chocolate,336 g,"$7.99
 ea.",,$2.38 /100g,,,https://product-images.metro.ca/images/hac/h36/9999265431582.jpg,https://www.metro.ca/en/online-grocery/search-page-521
ALPEN SECRETS,Magnolia Petals Foaming Milk Bath,1 L,"$4.99
 ea.",,$0.50 /100ml,,,https://product-images.metro.ca/images/h63/he3/9526123790366.jpg,https://www.metro.ca/en/online-grocery/search-page-521
PATAK'S,3 Step Tikka Masala Cooking Sauce Kit,313 g,"$5.99
 ea.",,$1.91 /100g,,,https://product-images.metro.ca/images/hba/hce/9963318738974.jpg,https://www.metro.ca/en/online-grocery/search-page-521
AKI SUSHI,Tempura Batter Mix,320 g,"$5.99
 ea.",,$1.87 /100g,,,https://product-images.metro.ca/images/hec/h34/9438012604446.jpg,https://www.metro.ca/en/online-grocery/search-page-521
GARNIER,Moroccan Argan & Camellia Oils Extract Illuminating ...,370 ml,"$6.49
 ea.",,$1.75 /100ml,,,,https://www.metro.ca/en/online-grocery/search-page-521
METROGO!,"Seasoned Boneless Trimmed Chicken Breasts, Value Pack",4 breasts per tray,"$19.82
 avg. ea.","(1,000 g avg.)",$19.82 /kg$8.99 /lb.,"Regular price
$20.92  avg. kg","Valid until Jan 10, 2024",,https://www.metro.ca/en/online-grocery/search-page-521
LE MIEL D'ÉMILIE,Liquid Buckwheat Dark Honey,375 g,"$7.49
 ea.",,$2.00 /100g,,,https://product-images.metro.ca/images/hea/h9d/10309188681758.jpg,https://www.metro.ca/en/online-grocery/search-page-521
GAVISCON,Fruit Flavoured Soothing Liquid Antacid,600 ml,"$16.29
 ea.",,$2.72 /100ml,,,https://product-images.metro.ca/images/h6b/h1f/9922654240798.jpg,https://www.metro.ca/en/online-grocery/search-page-521
KINNIKINNICK FOODS,Gluten Free Chocolate Chip Cookies,220 g,"$5.99
 ea.",,$2.72 /100g,,,https://product-images.metro.ca/images/hf6/h8e/10183905673246.jpg,https://www.metro.ca/en/online-grocery/search-page-521
LITEHOUSE,Dry Salad Herb Blend,12 g,"$5.99
 ea.",,$49.92 /100g,"Regular price
$6.99  ea.","Valid until Jan 10, 2024",https://product-images.metro.ca/images/h52/h3d/11292672491550.jpg,https://www.metro.ca/en/online-grocery/search-page-521
LAURA SECORD,Sugar Cream Coulis,340 mL,"$4.69
 ea.",,$1.38 /100ml,"Regular price
$5.99  ea.","Valid until Jan 24, 2024",https://product-images.metro.ca/images/h3b/h69/11754156523550.jpg,https://www.metro.ca/en/online-grocery/search-page-521
MYSTIQUE,Le Réveil Matin Ground Coffee,300 g,"$12.99
 ea.",,$4.33 /100g,,,https://product-images.metro.ca/images/h02/h10/9836241027102.jpg,https://www.metro.ca/en/online-grocery/search-page-521
GAROFALO,Rigatoni,500 g,"$4.29
 ea.",,$0.86 /100g,,,https://product-images.metro.ca/images/h39/hed/11642954874910.jpg,https://www.metro.ca/en/online-grocery/search-page-521
POLIDENT,Fresh Cleanse® Gentle Foaming Denture Cleanser With ...,125 mL,"$10.99
 ea.",,$8.79 /100ml,,,,https://www.metro.ca/en/online-grocery/search-page-522
BENEFUL,"Salmon Dry Dog Food, Originals",7 kg,"$28.49
 ea.",,$0.41 /100g,,,,https://www.metro.ca/en/online-grocery/search-page-522
FOUR O'CLOCK,Decaffeinated Chai Green Tea,16 un,"$4.49
 ea.",,$0.28 /un.,"Regular price
$5.29  ea.","Valid until Feb 7, 2024",https://product-images.metro.ca/images/h9a/h77/9533091315742.jpg,https://www.metro.ca/en/online-grocery/search-page-522
,Oregano In A Pot,1 un,"$5.99
 ea.",,$5.99 /un.,,,https://product-images.metro.ca/images/h85/hbc/11511587438622.jpg,https://www.metro.ca/en/online-grocery/search-page-522
SAPUTO,Mozzarina Fresca Cheese,250 g,"$6.49
 ea.",,$2.60 /100g,"Regular price
$10.49  ea.","Valid until Jan 17, 2024",https://product-images.metro.ca/images/hc3/h6d/9527917477918.jpg,https://www.metro.ca/en/online-grocery/search-page-522
GILLETTE,"Ultra Sensitive Skin Shaving Gel, Fusion5",198 g,"$5.99
 ea.",,$3.03 /100g,,,,https://www.metro.ca/en/online-grocery/search-page-522
METROGO!,4-Cut Vegetable Platter With Spinach Dip,,"$26.99
 ea.",,$1.42 /100g,,,https://product-images.metro.ca/images/hc4/hc4/10763435507742.jpg,https://www.metro.ca/en/online-grocery/search-page-522
SOLO FRUIT,Organic Lemon Sorbet,500 mL,"$5.99
 ea.",,$1.20 /100ml,"Regular price
$6.99  ea.","Valid until Feb 14, 2024",https://product-images.metro.ca/images/h77/h31/9894729580574.jpg,https://www.metro.ca/en/online-grocery/search-page-522
VIGNOBLE ET CIDRERIE COTEAU ROUGEMONT,"Quebec Red Wine, Versant Rouge",750 mL,"$15.29
 ea.",,$2.04 /100ml,,,,https://www.metro.ca/en/online-grocery/search-page-522
IRRESISTIBLES,"Premium Nut Mix, Sizzler'S",300 g,"$5.99
 ea.",,$2.00 /100g,,,,https://www.metro.ca/en/online-grocery/search-page-522
FRESHPET,"Chicken And Beef Cat Food, Select",454 g,"$6.99
 ea.",,$1.54 /100g,,,,https://www.metro.ca/en/online-grocery/search-page-522
SPEED STICK,"Original Antiperspirant Stick, Plus",85 g,"$5.99
 ea.",,$7.05 /100g,,,,https://www.metro.ca/en/online-grocery/search-page-522
AQUA FUCHSIA,"Pink Radish, Sunflower And Snow Pea Mix",75 g,"$3.99
 ea.",,$5.32 /100g,,,https://product-images.metro.ca/images/h95/h80/9308051406878.jpg,https://www.metro.ca/en/online-grocery/search-page-522
RUG DOCTOR,"Upholstery Cleaner, Oxy-Steam",946 ml,"$10.99
 ea.",,$1.16 /100ml,,,,https://www.metro.ca/en/online-grocery/search-page-522
BORÉALE,"Assorted Beer Pack, Expedition Pack",12x355 mL - cans,"$18.99
 ea.",,$0.45 /100ml,"Regular price
$20.99  ea.","Valid until Feb 7, 2024",,https://www.metro.ca/en/online-grocery/search-page-522
IRRESISTIBLES,Onion Salt,90 g,"$3.49
 ea.",,$3.88 /100g,,,https://product-images.metro.ca/images/hb6/h85/8988048556062.jpg,https://www.metro.ca/en/online-grocery/search-page-522
MUTTI,Pizza Sauce With Spices,398 mL,"$3.99
 ea.",,$1.00 /100ml,"Regular price
$4.49  ea.","Valid until Jan 24, 2024",https://product-images.metro.ca/images/hbe/h44/10893975912478.jpg,https://www.metro.ca/en/online-grocery/search-page-522
BLUE DRAGON,3 Step Thai Green Cury Cooking Sauce,253 g,"$4.79
 ea.",,$1.89 /100g,"Regular price
$5.99  ea.","Valid until Jan 24, 2024",https://product-images.metro.ca/images/h2c/h03/9640224522270.jpg,https://www.metro.ca/en/online-grocery/search-page-522
COMME MA MÈRE,Lentils And Barley Soup Mix,200 g,"$5.79
 ea.",,$2.90 /100g,,,https://product-images.metro.ca/images/h2e/hbd/11022123368478.jpg,https://www.metro.ca/en/online-grocery/search-page-522
SAPUTO,"Shredded Romano Cheese, Tradition",140 g,"$7.29
 ea.",,$5.21 /100g,,,,https://www.metro.ca/en/online-grocery/search-page-522
QUALI DESSERTS,Frozen Chocolate Cake,6 in - 425 g,"$12.49
 ea.",,$2.94 /100g,,,https://product-images.metro.ca/images/h66/h1d/8860512321566.jpg,https://www.metro.ca/en/online-grocery/search-page-522
CEDAR,Yellow Corn Meal #120,907 g,"$2.99
 ea.",,$0.33 /100g,,,https://product-images.metro.ca/images/h2d/hf4/11590631981086.jpg,https://www.metro.ca/en/online-grocery/search-page-522
HAIKU,Minced Coriander In Sunflower Oil,100 g,"$2.99
 ea.",,$2.99 /100g,"Regular price
$3.69  ea.","Valid until Jan 24, 2024",https://product-images.metro.ca/images/hce/h5c/9514908352542.jpg,https://www.metro.ca/en/online-grocery/search-page-522
NEAL BROTHERS,Restaurant Round Tortillas,300 g,"$4.79
 ea.",,$1.60 /100g,,,https://product-images.metro.ca/images/hcd/h99/9518988656670.jpg,https://www.metro.ca/en/online-grocery/search-page-522
CUISINE L'ANGÉLIQUE,All-Purpose Flour,1 kg,"$12.29
 ea.",,$1.23 /100g,,,https://product-images.metro.ca/images/hc4/h8b/11449553354782.jpg,https://www.metro.ca/en/online-grocery/search-page-522
LÄRABAR,Gluten Free Cashew Fruit And Nut Energy Bar,16x48 g,"$31.79
 ea.",,$4.14 /100g,"Regular price
$35.99  ea.","Valid until Feb 7, 2024",https://product-images.metro.ca/images/hb9/h2f/10308049207326.jpg,https://www.metro.ca/en/online-grocery/search-page-522
GOOD COOK,Baster 11.5",1 un,"$2.69
 ea.",,$2.69 /un.,,,,https://www.metro.ca/en/online-grocery/search-page-522
CHAMPIGNONS SAUVAGES,Dried Mushroom Mix For Stir Fries,14 g,"$5.99
 ea.",,$42.79 /100g,,,https://www.metro.ca/images/shared/placeholders/icon-no-picture.svg?v=2023.71.1.d1,https://www.metro.ca/en/online-grocery/search-page-522
NATUR,"Organic 4 Fruits Home-Style Spread, Le Fruit",235 mL,"$5.49
 ea.",,$2.34 /100g,,,,https://www.metro.ca/en/online-grocery/search-page-522
DAIYA,Gluten Free Smoked Gouda Style Block Cheese,200 g,"$5.49
 ea.",,$2.75 /100g,"Regular price
$7.49  ea.","Valid until Feb 14, 2024",https://product-images.metro.ca/images/h11/h80/10275390947358.jpg,https://www.metro.ca/en/online-grocery/search-page-522
BEGGIN',"Bacon And Cheese Flavoured Dog Treats, Strips",708 g,"$15.49
 ea.",,$2.19 /100g,,,,https://www.metro.ca/en/online-grocery/search-page-523
METAMUCIL,"Fiber Supplement Powder Original Coarse, MultiHealth...",798 g,"$32.99
 ea.",,$4.13 /100g,,,,https://www.metro.ca/en/online-grocery/search-page-523
STARFRIT,"Rectangle Plastic Container, Lock&Lock","1 un, 350 ml","$4.29
 ea.",,$4.29 /un.,,,,https://www.metro.ca/en/online-grocery/search-page-523
METROGO!,Cut Vegetable Mix,,"$5.99
 ea.",,$1.41 /100g,,,https://product-images.metro.ca/images/hba/h16/8836977754142.jpg,https://www.metro.ca/en/online-grocery/search-page-523
BIOITALIA,"Organic Carrot, Apricot & Pumpkin Puree, Vitamin",120 g,"$1.79
 ea.",,$1.49 /100g,"Regular price
$2.19  ea.","Valid until Feb 7, 2024",,https://www.metro.ca/en/online-grocery/search-page-523
RUG DOCTOR,Carpet Stain Removing Spray,710 ml,"$8.99
 ea.",,$1.27 /100ml,,,https://product-images.metro.ca/images/h2f/h87/11281556537374.jpg,https://www.metro.ca/en/online-grocery/search-page-523
GLADE,Blue Odyssey™ Scented Candle,1 un,"$12.29
 ea.",,$12.29 /un.,,,https://product-images.metro.ca/images/h93/h95/9847254188062.jpg,https://www.metro.ca/en/online-grocery/search-page-523
MESTEMACHER,Rye Bread,500 g,"$4.59
 ea.",,$0.92 /100g,"Regular price
$5.49  ea.","Valid until Jan 17, 2024",https://product-images.metro.ca/images/h01/h11/9530440417310.jpg,https://www.metro.ca/en/online-grocery/search-page-523
TODAY'S HOUSEWARES,Soap Carrying Case,1 un,"$2.49
 ea.",,$2.49 /un.,,,https://product-images.metro.ca/images/had/hdc/10265331138590.jpg,https://www.metro.ca/en/online-grocery/search-page-523
SELECTION,Long Grain Brown Rice,900 g,"$2.99
 ea.",,$0.33 /100g,"Regular price
$3.79  ea.","Valid until Jan 24, 2024",https://product-images.metro.ca/images/h56/h1c/8853122777118.jpg,https://www.metro.ca/en/online-grocery/search-page-523
AXE,Excite® Daily Fragrance Bodyspray,113 g,"$6.99
 ea.",,$6.19 /100g,,,https://product-images.metro.ca/images/h2b/hfd/11679593955358.jpg,https://www.metro.ca/en/online-grocery/search-page-523
FOUR O'CLOCK,"Sweet Chamomile Herbal Tea Bags, Organic Fairtrade",16 un,"$4.49
 ea.",,$0.28 /un.,"Regular price
$5.29  ea.","Valid until Feb 7, 2024",,https://www.metro.ca/en/online-grocery/search-page-523
GARNIER,Pure Clean® Fortifying Shampoo For Normal To Oily Ha...,370 mL,"$5.99
 ea.",,$1.62 /100ml,,,,https://www.metro.ca/en/online-grocery/search-page-523
GIBIERS CANABEC,Elk And Wild Berry Sausages,300 g,"$9.99
 ea.",,$3.33 /100g,"Regular price
$10.99  ea.","Valid until Jan 17, 2024",https://product-images.metro.ca/images/h01/h37/11994724204574.jpg,https://www.metro.ca/en/online-grocery/search-page-523
SIMPLY DELISH,Peach Jelly,20 g,"$2.99
 ea.",,$14.95 /100g,"Regular price
$3.29  ea.","Valid until Feb 7, 2024",https://product-images.metro.ca/images/h12/hb1/11243982880798.jpg,https://www.metro.ca/en/online-grocery/search-page-523
LAVAZZA,Classico K-Cup® Coffee Pods,30 un,"$26.49
 ea.",,$0.88 /un.,,,https://product-images.metro.ca/images/h80/h7a/11349103312926.jpg,https://www.metro.ca/en/online-grocery/search-page-523
SECRET,Vanilla Scented Clear Gel Antiperspirant And Deodora...,45 g,"$5.99
 ea.",,$13.31 /100g,,,,https://www.metro.ca/en/online-grocery/search-page-523
NATUR,"Organic Raspberry Home-Style Spread, Le Fruit",235 mL,"$5.49
 ea.",,$2.34 /100g,,,,https://www.metro.ca/en/online-grocery/search-page-523
CREST,"Fresh Mint Multi-Care Whitening Oral Rinse, 3D White",473 mL,"$9.99
 ea.",,$2.11 /100ml,,,,https://www.metro.ca/en/online-grocery/search-page-523
OZERY,Blueberry Breakfast Buns,450 g,"$4.99
 ea.",,$1.11 /100g,"Regular price
$5.79  ea.","Valid until Jan 17, 2024",https://product-images.metro.ca/images/h52/h18/11754226778142.jpg,https://www.metro.ca/en/online-grocery/search-page-523
LOOP,King Of The Hill Raw Cold Pressed Juice,355 mL,"$5.99
 ea.",,$1.69 /100ml,,,https://product-images.metro.ca/images/ha5/h21/11541066612766.jpg,https://www.metro.ca/en/online-grocery/search-page-523
CEDAR,Corn Flour,907 g,"$2.99
 ea.",,$0.33 /100g,,,https://product-images.metro.ca/images/hca/hc4/8896314671134.jpg,https://www.metro.ca/en/online-grocery/search-page-523
QUALI DESSERTS,Frozen Chocolate Mill Cake,8 in - 750 g,"$19.49
 ea.",,$2.60 /100g,,,https://product-images.metro.ca/images/h65/h0b/8861108830238.jpg,https://www.metro.ca/en/online-grocery/search-page-523
WHOLESOME,Organic Dark Brown Sugar,680 g,"$9.49
 ea.",,$1.40 /100g,,,https://product-images.metro.ca/images/ha6/he9/9515366449182.jpg,https://www.metro.ca/en/online-grocery/search-page-523
JOE BEEF,Steak Sauce,345 mL,"$10.49
 ea.",,$3.04 /100ml,,,https://product-images.metro.ca/images/hb2/h98/9530447298590.jpg,https://www.metro.ca/en/online-grocery/search-page-523
BIOITALIA,Organic Penne Fusilli,500 g,"$5.29
 ea.",,$1.06 /100g,,,https://product-images.metro.ca/images/h09/h78/9836333563934.jpg,https://www.metro.ca/en/online-grocery/search-page-523
SO DELICIOUS,Non-Dairy Mocha And Almond Almondmilk-Based Frozen D...,4x68 mL,"$7.49
 ea.",,$2.75 /100ml,,,,https://www.metro.ca/en/online-grocery/search-page-523
STARFRIT,9" The Rock™ Fry Pan,1 un,"$34.99
 ea.",,$34.99 /un.,,,,https://www.metro.ca/en/online-grocery/search-page-523
,Dry Shallots,350 g,"$2.99
 ea.",,$0.85 /100g,,,https://product-images.metro.ca/images/h7c/hd9/8893560291358.jpg,https://www.metro.ca/en/online-grocery/search-page-523
BENEFUL,"Chicken Dry Dog Food, Healthy Weight",7 kg,"$28.49
 ea.",,$0.41 /100g,,,,https://www.metro.ca/en/online-grocery/search-page-523
TIDE,Ultra Oxi Liquid Laundry Detergent,59 loads-2.72 L,"$16.99
 ea.",,$0.29 /load,"Regular price
$19.99  ea.","Valid until Feb 7, 2024",https://product-images.metro.ca/images/h34/h1b/10841510674462.jpg,https://www.metro.ca/en/online-grocery/search-page-524
HUGGIES,"3 Unscented Baby Wipes Flip-Top Packs, Simply Clean",192 un,"$11.49
 ea.",,$0.06 /un.,,,,https://www.metro.ca/en/online-grocery/search-page-524
BIOITALIA,"Organic Apple Puree, Purity",120 g,"$1.79
 ea.",,$1.49 /100g,"Regular price
$2.19  ea.","Valid until Feb 7, 2024",,https://www.metro.ca/en/online-grocery/search-page-524
LACTANTIA,2% Organic Milk,1.5 L,"$6.99
 ea.",,$0.47 /100ml,,,https://product-images.metro.ca/images/h5d/hc8/11477904719902.jpg,https://www.metro.ca/en/online-grocery/search-page-524
ROLAIDS,Assorted Fruit Flavoured Ultra Strength Antacid Calc...,72 un,"$4.99
 ea.",,$0.07 /un.,,,,https://www.metro.ca/en/online-grocery/search-page-524
MAISON ORPHÉE,Organic Unrefined Sunflower Oil,500 mL,"$11.49
 ea.",,$2.30 /100ml,,,https://www.metro.ca/images/shared/placeholders/icon-no-picture.svg?v=2023.71.1.d1,https://www.metro.ca/en/online-grocery/search-page-524
PEPSI,Diet Soft Drink,355 mL,"$1.09
 ea.",,$0.31 /100ml,,,https://product-images.metro.ca/images/h5c/hf9/9894706937886.jpg,https://www.metro.ca/en/online-grocery/search-page-524
INTERMIEL,Golden Liquid Clover Honey,250 g,"$5.29
 ea.",,$2.12 /100g,,,https://product-images.metro.ca/images/hb8/h61/9280202178590.jpg,https://www.metro.ca/en/online-grocery/search-page-524
GOOD COOK,Meat Tender,1 un,"$5.79
 ea.",,$5.79 /un.,,,https://product-images.metro.ca/images/h48/h26/9217443889182.jpg,https://www.metro.ca/en/online-grocery/search-page-524
SCHÄR,Ciabatta,4x50 g,"$9.99
 ea.",,$5.00 /100g,,,https://product-images.metro.ca/images/hbb/hc5/10841497075742.jpg,https://www.metro.ca/en/online-grocery/search-page-524
GILLETTE,"Men'S Disposable Razors, Sensor5",2 un,"$10.99
 ea.",,$5.50 /un.,,,,https://www.metro.ca/en/online-grocery/search-page-524
MILLE FLEURS,Onion And Raspberry Confit,250 mL,"$7.99
 ea.",,$3.20 /100ml,,,https://product-images.metro.ca/images/h66/h93/8897138655262.jpg,https://www.metro.ca/en/online-grocery/search-page-524
CAKE MATE,White Cookie Icing,200 g,"$3.99
 ea.",,$2.00 /100g,,,https://product-images.metro.ca/images/h1c/h51/9526785802270.jpg,https://www.metro.ca/en/online-grocery/search-page-524
LÄRABAR,Apple Fruit And Nut Energy Bar,16x45 g,"$31.79
 ea.",,$4.42 /100g,"Regular price
$35.99  ea.","Valid until Feb 7, 2024",https://product-images.metro.ca/images/hda/hec/11386226638878.jpg,https://www.metro.ca/en/online-grocery/search-page-524
GATORADE,"Berry Flavoured Sport Drink Beverage, G Zero",6x591 mL,"$5.99
 ea.",,$0.17 /100ml,"Regular price
$7.99  ea.","Valid until Jan 10, 2024",,https://www.metro.ca/en/online-grocery/search-page-524
LA MILANAISE,Organic French Lentils,500 g,"$5.49
 ea.",,$1.10 /100g,,,https://product-images.metro.ca/images/hf5/h6b/11816874737694.jpg,https://www.metro.ca/en/online-grocery/search-page-524
QUALI DESSERTS,Frozen Fudge Cake,8 in - 950 g,"$18.99
 ea.",,$2.00 /100g,,,https://product-images.metro.ca/images/ha1/h02/8867995713566.jpg,https://www.metro.ca/en/online-grocery/search-page-524
GUSTA,Apple And Maple Plant-Based Sausages,320 g,"$7.49
 ea.",,$2.34 /100g,"Regular price
$7.99  ea.","Valid until Jan 17, 2024",https://product-images.metro.ca/images/h54/h25/11477897773086.jpg,https://www.metro.ca/en/online-grocery/search-page-524
IRRESISTIBLES,Popcorn And Nuts Mix,454 g,"$11.99
 ea.",,$2.64 /100g,"Regular price
$12.99  ea.","Valid until Jan 10, 2024",https://product-images.metro.ca/images/hc7/h44/9101694009374.jpg,https://www.metro.ca/en/online-grocery/search-page-524
QUALI DESSERTS,Frozen Vanilla Cake,425 g,"$12.49
 ea.",,$2.94 /100g,,,https://product-images.metro.ca/images/h35/he8/8939558699038.jpg,https://www.metro.ca/en/online-grocery/search-page-524
GERBER,"Oat Baby Cereal With Prune, Stage 2",227 g,"$5.99
 ea.",,$2.64 /100g,"Regular price
$7.99  ea.","Valid until Feb 7, 2024",,https://www.metro.ca/en/online-grocery/search-page-524
LAKEWOOD,Organic Pure Aloe Juice,946 mL,"$11.49
 ea.",,$1.21 /100ml,,,https://product-images.metro.ca/images/h79/ha1/11113741844510.jpg,https://www.metro.ca/en/online-grocery/search-page-524
SPEED STICK,"Fresh Antiperspirant Stick, Stainguard",76 g,"$5.99
 ea.",,$7.88 /100g,,,,https://www.metro.ca/en/online-grocery/search-page-524
INTERMIEL,Golden Liquid Clover Honey,1 kg,"$14.29
 ea.",,$1.43 /100g,,,https://product-images.metro.ca/images/h55/h1d/9280192970782.jpg,https://www.metro.ca/en/online-grocery/search-page-524
ENVIROKIDZ,Gorilla Munch™ Corn Puff Cereal,275 g,"$5.49
 ea.",,$2.00 /100g,"Regular price
$6.29  ea.","Valid until Feb 7, 2024",https://product-images.metro.ca/images/h5f/hfa/11816884830238.jpg,https://www.metro.ca/en/online-grocery/search-page-524
IRRESISTIBLES,Peanut Galore Mix,600 g,"$11.99
 ea.",,$2.00 /100g,"Regular price
$12.99  ea.","Valid until Jan 10, 2024",https://product-images.metro.ca/images/h6c/ha6/9101735493662.jpg,https://www.metro.ca/en/online-grocery/search-page-524
PEDIGREE,"Original Flavoured Oral Care Treats For Mini Dogs, D...",169 g,"$6.29
 ea.",,$3.72 /100g,,,,https://www.metro.ca/en/online-grocery/search-page-524
RUB-A535,Regular Strength Pain Relief Cream,100 g,"$10.49
 ea.",,$10.49 /100g,,,https://product-images.metro.ca/images/hdd/h46/10778539622430.jpg,https://www.metro.ca/en/online-grocery/search-page-524
MONSTER,"Energy Drink, Pipeline Punch",473 mL,"2 / 
$5.50",,$0.58 /100ml,"Regular price
$3.99  ea.","Valid until Jan 24, 2024",,https://www.metro.ca/en/online-grocery/search-page-524
CEDAR,Burgol #3,907 g,"$3.29
 ea.",,$0.36 /100g,,,https://product-images.metro.ca/images/h47/h13/8896318111774.jpg,https://www.metro.ca/en/online-grocery/search-page-524
HARTZ,Buttermilk Scented Extra Gentle Soothing Oatmeal Dog...,532 mL,"$6.79
 ea.",,$6.79 /un.,,,,https://www.metro.ca/en/online-grocery/search-page-525
CHAMPIGNONS SAUVAGES,Dried Morel Mushrooms,10 g,"$9.99
 ea.",,$99.90 /100g,,,https://product-images.metro.ca/images/h2b/he0/11461770870814.jpg,https://www.metro.ca/en/online-grocery/search-page-525
BLUE DRAGON,3 Step Penang Curry Cooking Sauce Kit,271 g,"$4.79
 ea.",,$1.77 /100g,"Regular price
$5.99  ea.","Valid until Jan 24, 2024",https://product-images.metro.ca/images/hd4/hb0/9530338607134.jpg,https://www.metro.ca/en/online-grocery/search-page-525
ROSE HILL FOODS,Roast Beef Sauce Base,250 g,"$2.49
 ea.",,$1.00 /100g,,,https://product-images.metro.ca/images/h4d/hff/10475430379550.jpg,https://www.metro.ca/en/online-grocery/search-page-525
L'ORÉAL,"Fresh Scent Total Clean™ Shampoo, Men Expert",385 ml,"$6.99
 ea.",,$1.82 /100ml,,,,https://www.metro.ca/en/online-grocery/search-page-525
LAURA SECORD,Black Forest Mousse Cakes,2x90 g,"2 / 
$14.00",,or $8.79 ea. $4.12 /100g,,"Valid until Jan 17, 2024",https://product-images.metro.ca/images/h7a/hdd/9014613573662.jpg,https://www.metro.ca/en/online-grocery/search-page-525
GOOD COOK,Stainless Steel Pizza Wheel,1 un,"$6.49
 ea.",,$6.49 /un.,,,https://product-images.metro.ca/images/hc0/h8c/9183181471774.jpg,https://www.metro.ca/en/online-grocery/search-page-525
CEDAR,Peas And Carrots,540 mL,"$4.29
 ea.",,$0.79 /100ml,,,https://product-images.metro.ca/images/h1e/h1f/8853709160478.jpg,https://www.metro.ca/en/online-grocery/search-page-525
REINE DES SAUCES,Homestyle Lasagna Sauce,750 mL,"$9.99
 ea.",,$1.33 /100ml,,,https://product-images.metro.ca/images/he5/h3e/8854794633246.jpg,https://www.metro.ca/en/online-grocery/search-page-525
BURT'S BEES,Vanilla Bean Lip Balm,4.25 g,"$4.99
 ea.",,$117.41 /100g,,,https://product-images.metro.ca/images/hbf/h50/11511480877086.jpg,https://www.metro.ca/en/online-grocery/search-page-525
DOVE,Coconut And Hydration Shampoo,355 mL,"$6.99
 ea.",,$1.97 /100ml,,,https://product-images.metro.ca/images/hde/h6f/11493013553182.jpg,https://www.metro.ca/en/online-grocery/search-page-525
OPTI-FREE,Multi-Purpose Disinfecting Solution For Contact Lens...,2x300 ml,"$20.49
 ea.",,$3.42 /100ml,,,,https://www.metro.ca/en/online-grocery/search-page-525
CEDAR,Falafel Mix Preparation,397 g,"$2.29
 ea.",,$0.58 /100g,,,https://product-images.metro.ca/images/hf6/h3d/11590624444446.jpg,https://www.metro.ca/en/online-grocery/search-page-525
FROMAGERIE PERRON,Swiss Fondue Mix,300 g,"$12.49
 ea.",,$4.16 /100g,"Regular price
$13.29  ea.","Valid until Jan 17, 2024",https://product-images.metro.ca/images/h46/h3a/10161327013918.jpg,https://www.metro.ca/en/online-grocery/search-page-525
TOPLA!,Mac & Cheese Sauce,800 mL,"$10.29
 ea.",,$1.29 /100ml,,,https://product-images.metro.ca/images/h92/hc7/11432792621086.jpg,https://www.metro.ca/en/online-grocery/search-page-525
PRANA,Organic Sultana Raisins,300 g,"$4.79
 ea.",,$1.60 /100g,,,https://product-images.metro.ca/images/h63/hd1/11816868741150.jpg,https://www.metro.ca/en/online-grocery/search-page-525
DEGREE,Ultraclear Black+White™ Invisible Antiperspirant Sti...,48 g,"$5.49
 ea.",,$11.44 /100g,,,,https://www.metro.ca/en/online-grocery/search-page-525
GIBIERS CANABEC,Confit Guinea Fowl Legs,430 g,"$19.99
 ea.",,$4.65 /100g,,,https://product-images.metro.ca/images/hc3/h22/9882946764830.jpg,https://www.metro.ca/en/online-grocery/search-page-525
CRYSTAL LIGHT,Low Calorie Lemonade Drink Mix,56.6 g,"$3.99
 ea.",,$7.05 /100g,"Regular price
$4.79  ea.","Valid until Jan 24, 2024",https://product-images.metro.ca/images/h43/h66/9986750251038.jpg,https://www.metro.ca/en/online-grocery/search-page-525
BABY GOURMET,Creamy Oatmeal Organic Wholegrain Baby Cereal For Be...,227 g,"$6.49
 ea.",,$2.86 /100g,,,,https://www.metro.ca/en/online-grocery/search-page-525
IRRESISTIBLES,Cider Vinegar And Maple Syrup,250 mL,"$6.49
 ea.",,$2.60 /100ml,,,https://product-images.metro.ca/images/h3c/hc8/9693944119326.jpg,https://www.metro.ca/en/online-grocery/search-page-525
BALATTI,Basil In Oil,110 g,"$4.99
 ea.",,$4.54 /100g,,,https://product-images.metro.ca/images/hee/heb/8910793637918.jpg,https://www.metro.ca/en/online-grocery/search-page-525
R.W. KNUDSEN FAMILY,Organic Just Tart Cherry™ Juice,946 mL,"$10.99
 ea.",,$1.16 /100ml,,,https://product-images.metro.ca/images/hf0/h70/11679603064862.jpg,https://www.metro.ca/en/online-grocery/search-page-525
GLUTENBERG,Gluten-Free American Pale Ale Beer,4x473 mL - cans,"$10.99
 ea.",,$0.58 /100ml,"Regular price
$11.99  ea.","Valid until Feb 7, 2024",https://product-images.metro.ca/images/h77/hf4/9533155737630.jpg,https://www.metro.ca/en/online-grocery/search-page-525
IRRESISTIBLES,Fresh Chervil,10 g,"$2.99
 ea.",,$14.24 /100g,,,https://product-images.metro.ca/images/hb1/he4/8959510675486.jpg,https://www.metro.ca/en/online-grocery/search-page-525
7UP,Soft Drink,355 mL,"$1.09
 ea.",,$0.31 /100ml,,,https://product-images.metro.ca/images/h94/h22/10139314946078.jpg,https://www.metro.ca/en/online-grocery/search-page-525
PB&ME,Chocolate Hazelnut Powdered Peanut Butter,200 g,"$7.79
 ea.",,$3.90 /100g,,,https://product-images.metro.ca/images/hce/h33/11761509924894.jpg,https://www.metro.ca/en/online-grocery/search-page-525
CHARLEVOISIENNE,Pork Cretons,250 g,"$6.19
 ea.",,$2.48 /100g,,,https://product-images.metro.ca/images/hc4/h43/11461803606046.jpg,https://www.metro.ca/en/online-grocery/search-page-525
,Organic Pineapple,Sold individually,"$6.99
 ea.",,$6.99 /un.,,,https://product-images.metro.ca/images/h15/h78/8879731507230.jpg,https://www.metro.ca/en/online-grocery/search-page-525
BENYLIN,Extra Strength Mucus & Phlegm Syrup,100 ml,"$10.99
 ea.",,$10.99 /100ml,,,https://product-images.metro.ca/images/h1a/h01/9915143618590.jpg,https://www.metro.ca/en/online-grocery/search-page-525
FOUR O'CLOCK,Organic Coconut And Ginger Flavoured Green Tea Bags,16 un,"$4.49
 ea.",,$0.28 /un.,"Regular price
$5.29  ea.","Valid until Feb 7, 2024",https://product-images.metro.ca/images/h65/hb4/9533471064094.jpg,https://www.metro.ca/en/online-grocery/search-page-526
ORAL-B,"Mint Flavoured Dental Floss, Complete Satin Floss",1 un,"$4.19
 ea.",,$4.19 /un.,,,,https://www.metro.ca/en/online-grocery/search-page-526
TRADITION,Organic Sparkling Apple & Cherry Juice,750 mL,"$6.99
 ea.",,$0.93 /100ml,,,https://product-images.metro.ca/images/h0c/h9d/9532796665886.jpg,https://www.metro.ca/en/online-grocery/search-page-526
RUSTICHELLA D'ABRUZZO,Linguine,500 g,"$5.99
 ea.",,$1.20 /100g,,,https://product-images.metro.ca/images/ha7/h3d/8893425844254.jpg,https://www.metro.ca/en/online-grocery/search-page-526
CRYSTAL LIGHT,Low Calorie Tangerine & Grapefruit Drink Mix,10x4 g,"$3.99
 ea.",,$9.98 /100g,"Regular price
$4.79  ea.","Valid until Jan 24, 2024",https://product-images.metro.ca/images/h5c/h1a/9986728460318.jpg,https://www.metro.ca/en/online-grocery/search-page-526
FOUR O'CLOCK,"Peppermint Herbal Tea Bags, Organic Fairtrade",16 un,"$4.49
 ea.",,$0.28 /un.,"Regular price
$5.29  ea.","Valid until Feb 7, 2024",,https://www.metro.ca/en/online-grocery/search-page-526
CEDAR,Burgol #2,907 g,"$3.49
 ea.",,$0.38 /100g,,,https://product-images.metro.ca/images/h09/hde/8896303693854.jpg,https://www.metro.ca/en/online-grocery/search-page-526
PAPILLE,Gluten Free Black Pepper Rosette De Lyon Sausage,125 g,"$9.29
 ea.",,$7.43 /100g,,,https://product-images.metro.ca/images/h4a/h32/9508357931038.jpg,https://www.metro.ca/en/online-grocery/search-page-526
FRESHPET,"Grain Free Tender Chicken Small Dog Food, Select",454 g,"$9.79
 ea.",,$2.16 /100g,,,,https://www.metro.ca/en/online-grocery/search-page-526
LADY SPEED STICK,Powder Fresh Antiperspirant Stick,70 g,"$5.99
 ea.",,$8.56 /100g,,,https://product-images.metro.ca/images/hc2/h8c/11540929347614.jpg,https://www.metro.ca/en/online-grocery/search-page-526
CLARK,Maple Syrup And Ham Beans,400 mL,"$4.79
 ea.",,$1.20 /100ml,"Regular price
$5.29  ea.","Valid until Jan 17, 2024",https://product-images.metro.ca/images/ha9/h06/11461837815838.jpg,https://www.metro.ca/en/online-grocery/search-page-526
SELECTION,"Cold Water Liquid Laundry Detergent, Ultra Oxi",36 loads-1.62 L,"$4.49
 ea.",,$0.12 /load,"Regular price
$5.49  ea.","Valid until Feb 7, 2024",,https://www.metro.ca/en/online-grocery/search-page-526
LE PETIT MAS,Organic Garlic Flowers Seasoning,190 mL,"$7.99
 ea.",,$4.21 /100ml,,,https://product-images.metro.ca/images/h9f/h76/9719697309726.jpg,https://www.metro.ca/en/online-grocery/search-page-526
COMME MA MÈRE,Rustic Split Pea And Brown Rice Soup Mix,200 g,"$5.79
 ea.",,$2.90 /100g,,,https://product-images.metro.ca/images/h96/h3b/8935922892830.jpg,https://www.metro.ca/en/online-grocery/search-page-526
SAN PELLEGRINO,Lemon & Lemon Zest Flavoured Carbonated Mineral Water,8x330 mL,"$9.99
 ea.",,$0.38 /100ml,,,https://product-images.metro.ca/images/h07/hcc/10916748197918.jpg,https://www.metro.ca/en/online-grocery/search-page-526
TUTTI GOURMET,Orange And Chocolate Biscotti,180 g,"$6.49
 ea.",,$3.61 /100g,,,https://product-images.metro.ca/images/h2e/he3/11761463918622.jpg,https://www.metro.ca/en/online-grocery/search-page-526
TODAY'S HOUSEWARES,Microwave One Quart Pot,1 un,"$4.29
 ea.",,$4.29 /un.,,,https://product-images.metro.ca/images/h8e/h59/8921069060126.jpg,https://www.metro.ca/en/online-grocery/search-page-526
IRRESISTIBLES,Trail Mix,600 g,"$11.99
 ea.",,$2.00 /100g,"Regular price
$12.99  ea.","Valid until Jan 10, 2024",https://product-images.metro.ca/images/h50/h2e/9101719732254.jpg,https://www.metro.ca/en/online-grocery/search-page-526
AU QUOTIDIEN,Quebec White Wine,4 L,"$40.99
 ea.",,$1.02 /100ml,,,https://product-images.metro.ca/images/h4d/h44/10498088468510.jpg,https://www.metro.ca/en/online-grocery/search-page-526
METROGO!,Deluxe Cut Vegetable Mix For Asian Stir Fry,,"$5.99
 ea.",,$1.09 /100g,,,https://product-images.metro.ca/images/hf2/he6/8837032345630.jpg,https://www.metro.ca/en/online-grocery/search-page-526
,Thai Basil In A Pot,1 un,"$5.99
 ea.",,$5.99 /un.,,,https://product-images.metro.ca/images/hca/ha3/9916396339230.jpg,https://www.metro.ca/en/online-grocery/search-page-526
QUALI DESSERTS,Frozen Vanilla Boston Cake,8 in - 900 g,"$18.99
 ea.",,$2.11 /100g,,,https://product-images.metro.ca/images/h9d/hc0/8912266264606.jpg,https://www.metro.ca/en/online-grocery/search-page-526
L'ORÉAL,Fibralogy™ Shampoo For Hair Lacking Thickness,385 ml,"$6.99
 ea.",,$1.82 /100ml,,,https://product-images.metro.ca/images/h65/h41/9526159736862.jpg,https://www.metro.ca/en/online-grocery/search-page-526
WHOLESOME,Organic Icing Sugar,454 g,"$8.29
 ea.",,$1.83 /100g,,,https://product-images.metro.ca/images/h46/h92/9515328339998.jpg,https://www.metro.ca/en/online-grocery/search-page-526
VICENZI,"Almond Biscuits, Cantuccini",225 g,"$5.99
 ea.",,$2.66 /100g,,,,https://www.metro.ca/en/online-grocery/search-page-526
TRADITION,Organic Sparkling Apple & Grape Juice,750 mL,"$6.99
 ea.",,$0.93 /100ml,,,https://product-images.metro.ca/images/h69/h4b/9532791783454.jpg,https://www.metro.ca/en/online-grocery/search-page-526
TETLEY,Pure Green Tea K-Cup® Pods,12 un,"$8.99
 ea.",,$74.92 /100un.,"Regular price
$10.99  ea.","Valid until Feb 7, 2024",https://product-images.metro.ca/images/h33/h00/12050791399454.jpg,https://www.metro.ca/en/online-grocery/search-page-526
LA MILANAISE,Organic Spelt Flakes,500 g,"$5.99
 ea.",,$1.20 /100g,"Regular price
$6.79  ea.","Valid until Feb 7, 2024",https://www.metro.ca/images/shared/placeholders/icon-no-picture.svg?v=2023.71.1.d1,https://www.metro.ca/en/online-grocery/search-page-526
A.VOGEL,"Organic Zesty Aromatic Sea Salt, Herbamare",125 g,"$3.99
 ea.",,$3.19 /100g,,,,https://www.metro.ca/en/online-grocery/search-page-526
GERBER,Organic Strawberry And Banana Flavoured Yogurt Baby ...,28 g,"$5.79
 ea.",,$20.68 /100g,,,,https://www.metro.ca/en/online-grocery/search-page-526
LAKEWOOD,Organic Coconut Juice,946 mL,"$8.99
 ea.",,$0.95 /100ml,,,https://product-images.metro.ca/images/h71/h74/11113743712286.jpg,https://www.metro.ca/en/online-grocery/search-page-527
VINCENT VARIÉTÉ,Dotted Anniversary Candle With Number 2,1 un,"$2.69
 ea.",,$2.69 /un.,,,https://product-images.metro.ca/images/haf/h48/8890392838174.jpg,https://www.metro.ca/en/online-grocery/search-page-527
GIBIERS CANABEC,Turmeric Pork And Rabbit Sausages,300 g,"$9.99
 ea.",,$3.33 /100g,"Regular price
$10.99  ea.","Valid until Jan 17, 2024",https://product-images.metro.ca/images/h23/h32/11432750710814.jpg,https://www.metro.ca/en/online-grocery/search-page-527
DOVE,Oxygen Charge Fortifying Shampoo With Caffeine And O...,355 mL,"$6.99
 ea.",,$1.97 /100ml,,,,https://www.metro.ca/en/online-grocery/search-page-527
NATUR,"Organic Blueberry Home-Style Spread, Le Fruit",235 mL,"$5.49
 ea.",,$2.34 /100g,,,,https://www.metro.ca/en/online-grocery/search-page-527
ANGE GARDIEN,Frozen Lactose Free Vanilla Cake,484 g,"$24.99
 ea.",,$5.16 /100g,,,https://product-images.metro.ca/images/h91/h30/11541028470814.jpg,https://www.metro.ca/en/online-grocery/search-page-527
SELECTION,"Beef Flavoured Dry Dog Food, Proteine 1",8 kg,"$19.99
 ea.",,$0.25 /100g,,,,https://www.metro.ca/en/online-grocery/search-page-527
RUSTICHELLA D'ABRUZZO,Spaghettini,500 g,"$5.99
 ea.",,$1.20 /100g,,,https://product-images.metro.ca/images/h05/h94/8893471227934.jpg,https://www.metro.ca/en/online-grocery/search-page-527
AXE,Apollo® Bodyspray,113 g,"$6.99
 ea.",,$6.19 /100g,,,https://product-images.metro.ca/images/h46/h96/11570773065758.jpg,https://www.metro.ca/en/online-grocery/search-page-527
BROME LAKE DUCKS,Frozen Honey And Garlic Flavoured Duck Wing Drumettes,650 g,"$17.99
 ea.",,$2.77 /100g,,,https://product-images.metro.ca/images/h08/hb4/10792023523358.jpg,https://www.metro.ca/en/online-grocery/search-page-527
LES CAPRICES D'ANTAN,Raspberry And Apple Flavoured Spread,300 mL,"$7.49
 ea.",,$2.50 /100ml,,,https://product-images.metro.ca/images/h93/hd1/11590630113310.jpg,https://www.metro.ca/en/online-grocery/search-page-527
GAVISCON,Icy Mint Flavoured Soothing Liquid Antacid,600 ml,"$16.29
 ea.",,$2.72 /100ml,,,https://product-images.metro.ca/images/h99/hd0/9922821750814.jpg,https://www.metro.ca/en/online-grocery/search-page-527
CHARLEVOISIENNE,Country Style Pâté,125 g,"$4.49
 ea.",,$3.59 /100g,,,https://product-images.metro.ca/images/h02/hba/11449564364830.jpg,https://www.metro.ca/en/online-grocery/search-page-527
LE VENEZIANE,Gluten Free Corn Fettucce Nests,250 mL,"$4.29
 ea.",,$1.72 /100g,,,https://product-images.metro.ca/images/hb3/h25/8854564798494.jpg,https://www.metro.ca/en/online-grocery/search-page-527
CHARLEVOISIENNE,Authentic Ham,175 g,"$5.79
 ea.",,$3.31 /100g,,,https://product-images.metro.ca/images/hbd/haa/8964747231262.jpg,https://www.metro.ca/en/online-grocery/search-page-527
ASPIRIN,Regular Strength,50 un,"$5.99
 ea.",,$11.98 /100un.,,,https://product-images.metro.ca/images/hcf/hde/11570779947038.jpg,https://www.metro.ca/en/online-grocery/search-page-527
BAR HARBOR,New England Style Lobster Bisque,284 mL,"$6.49
 ea.",,$2.29 /100ml,,,https://product-images.metro.ca/images/h3a/hc3/9527281188894.jpg,https://www.metro.ca/en/online-grocery/search-page-527
METROGO!,"Beef Enchiladas, Value Pack",,"$22.68
 avg. ea.","(1,200 g avg.)",$18.90 /kg$8.57 /lb.,,,,https://www.metro.ca/en/online-grocery/search-page-527
FOUR O'CLOCK,Artichoke Herbal Tea Bags,20 un,"$5.99
 ea.",,$0.30 /un.,,,https://product-images.metro.ca/images/ha8/h9e/12083916341278.jpg,https://www.metro.ca/en/online-grocery/search-page-527
STEAZ,Zero Calorie Raspberry Flavoured Iced Green Tea Beve...,473 mL,"$2.69
 ea.",,$0.57 /100ml,,,,https://www.metro.ca/en/online-grocery/search-page-527
VEGA,"Vanilla Flavoured Plant-Based Protein Supplements, S...",828 g,"$63.99
 ea.",,$7.73 /100g,,,,https://www.metro.ca/en/online-grocery/search-page-527
VINCENT VARIÉTÉ,Dotted Anniversary Candle With Number 5,1 un,"$2.69
 ea.",,$2.69 /un.,,,https://product-images.metro.ca/images/h51/h93/8890450182174.jpg,https://www.metro.ca/en/online-grocery/search-page-527
FAVUZZI,Tuscan Style Tomato Sauce,480 mL,"$7.99
 ea.",,$1.66 /100ml,,,https://product-images.metro.ca/images/hf7/hd8/9533185458206.jpg,https://www.metro.ca/en/online-grocery/search-page-527
DION,Paprika,84 g,"$4.99
 ea.",,$5.94 /100g,,,https://product-images.metro.ca/images/hef/he9/10378903060510.jpg,https://www.metro.ca/en/online-grocery/search-page-527
SECRET,"Clinical Smooth Solid Antiperspirant And Deodorant, ...",45 g,"$9.49
 ea.",,$21.09 /100g,,,,https://www.metro.ca/en/online-grocery/search-page-527
GATORADE,Cool Blue Flavoured Sport Drink Beverage,8x355 mL,"$7.99
 ea.",,$0.28 /100ml,,,https://product-images.metro.ca/images/hfb/h2a/10109277765662.jpg,https://www.metro.ca/en/online-grocery/search-page-527
SIMPLY ORGANIC,Vanilla Extract,59 mL,"$16.99
 ea.",,$28.80 /100ml,,,https://product-images.metro.ca/images/h23/hc3/11829778808862.jpg,https://www.metro.ca/en/online-grocery/search-page-527
LELARGE,Chestnut Spread,500 g,"$9.99
 ea.",,$2.00 /100g,,,https://product-images.metro.ca/images/ha9/h89/9633826373662.jpg,https://www.metro.ca/en/online-grocery/search-page-527
STARFRIT,"Plastic Bowl With Lid, Lock&Lock","1 un, 1.4 L","$6.99
 ea.",,$6.99 /un.,,,,https://www.metro.ca/en/online-grocery/search-page-527
SAPUTO,Caciocavallo Cheese,,"$15.56
 avg. ea.",(400 g avg.),$38.90 /kg$17.64 /lb.,,,https://product-images.metro.ca/images/h24/h6b/8928599375902.jpg,https://www.metro.ca/en/online-grocery/search-page-527
STARFRIT,5 Measuring Spoons,1 un,"$5.99
 ea.",,$5.99 /un.,,,https://product-images.metro.ca/images/h08/h6f/12083942785054.jpg,https://www.metro.ca/en/online-grocery/search-page-528
,6'' Red Poinsettia,1 un,"$8.99
 ea.",,$8.99 /un.,"Regular price
$9.99  ea.","Valid until Jan 10, 2024",https://product-images.metro.ca/images/h2d/h51/8916631486494.jpg,https://www.metro.ca/en/online-grocery/search-page-528
CREST,"Sparkle Fun Kids Toothpaste, Cavity Protection",100 mL,"$2.99
 ea.",,$2.99 /100ml,,,,https://www.metro.ca/en/online-grocery/search-page-528
GLADE,"Hawaiian Breeze® Scented Oil Refills, PlugIns",2 un,"$9.99
 ea.",,$5.00 /un.,,,,https://www.metro.ca/en/online-grocery/search-page-528
PAPILLE,Red Wine Rosette De Lyon Dry Sausage,125 g,"$9.29
 ea.",,$7.43 /100g,,,https://product-images.metro.ca/images/h7f/hf9/9508360421406.jpg,https://www.metro.ca/en/online-grocery/search-page-528
LA CUISINE À CHRISTINE,Frozen Thai Chicken Meal,325 g,"$9.99
 ea.",,$2.85 /100g,,,https://product-images.metro.ca/images/h0c/h2b/10053798133790.jpg,https://www.metro.ca/en/online-grocery/search-page-528
NATURE'S RECIPE,Grain Free Adult Dog Food With Real Lamb,1.8 kg,"$16.49
 ea.",,$0.92 /100g,"Regular price
$16.99  ea.","Valid until Jan 24, 2024",https://product-images.metro.ca/images/hd1/h79/11386234699806.jpg,https://www.metro.ca/en/online-grocery/search-page-528
IRRESISTIBLES,Walnuts,200 g,"$7.99
 ea.",,$4.00 /100g,,,https://product-images.metro.ca/images/hdb/h72/9130118086686.jpg,https://www.metro.ca/en/online-grocery/search-page-528
ANGE GARDIEN,Lactose Free Berry Avalanche Cake,484 g,"$24.99
 ea.",,$5.16 /100g,,,https://product-images.metro.ca/images/h65/h7c/11541033025566.jpg,https://www.metro.ca/en/online-grocery/search-page-528
,Organic Dill In A Pot,1 un,"$6.99
 ea.",,$6.99 /un.,,,https://product-images.metro.ca/images/h83/h5e/9917063233566.jpg,https://www.metro.ca/en/online-grocery/search-page-528
CRYSTAL LIGHT,Low Calorie Black Cherry & Pomegranate Drink Mix,10x3.1 g,"$3.99
 ea.",,$12.87 /100g,"Regular price
$4.79  ea.","Valid until Jan 24, 2024",https://product-images.metro.ca/images/ha7/hda/9986731900958.jpg,https://www.metro.ca/en/online-grocery/search-page-528
SAN PELLEGRINO,Original Carbonated Mineral Water,8x330 mL,"$9.99
 ea.",,$0.38 /100ml,,,https://product-images.metro.ca/images/had/hc6/9515544412190.jpg,https://www.metro.ca/en/online-grocery/search-page-528
PRANA,Organic Pitted Prunes,250 g,"$9.29
 ea.",,$3.72 /100g,,,https://product-images.metro.ca/images/h26/hd4/9502823088158.jpg,https://www.metro.ca/en/online-grocery/search-page-528
JOHNSON'S,Shea And Cocoa Butter Oil Gel,200 ml,"$8.99
 ea.",,$4.50 /100ml,,,https://product-images.metro.ca/images/haa/hee/9523273465886.jpg,https://www.metro.ca/en/online-grocery/search-page-528
DION,Parsley,5 g,"$2.29
 ea.",,$45.80 /100g,"Regular price
$2.69  ea.","Valid until Feb 7, 2024",https://product-images.metro.ca/images/had/he2/8890282213406.jpg,https://www.metro.ca/en/online-grocery/search-page-528
TRADITION,"Grape Juice, Health Vision",950 mL,"$5.49
 ea.",,$0.58 /100ml,"Regular price
$5.99  ea.","Valid until Jan 17, 2024",,https://www.metro.ca/en/online-grocery/search-page-528
QUALI DESSERTS,Frozen Pre-Cut Mango Mousse Cake,7 in - 575 g,"$19.99
 ea.",,$3.48 /100g,,,https://product-images.metro.ca/images/hc4/h41/8861466329118.jpg,https://www.metro.ca/en/online-grocery/search-page-528
HAWAIIAN TROPIC,"SPF 15 Ultra Radiance Oil-Free Sunscreen, Sheer Touch",240 mL,"$15.99
 ea.",,$6.66 /100ml,,,,https://www.metro.ca/en/online-grocery/search-page-528
DION,Salad Seasoning,57 g,"$3.79
 ea.",,$6.65 /100g,,,https://product-images.metro.ca/images/hef/h75/10300121088030.jpg,https://www.metro.ca/en/online-grocery/search-page-528
DOVE,"Daily Moisture 2 In 1 Shampoo And Conditioner, Nutri...",355 mL,"$6.99
 ea.",,$1.97 /100ml,,,,https://www.metro.ca/en/online-grocery/search-page-528
DEGREE,Shower Clean Invisible Solid Antiperspirant,48 g,"$5.49
 ea.",,$11.44 /100g,,,https://product-images.metro.ca/images/h36/h67/11654996983838.jpg,https://www.metro.ca/en/online-grocery/search-page-528
PATAK'S,3 Step Korma Cooking Sauce Kit,315 g,"$5.99
 ea.",,$1.90 /100g,,,https://product-images.metro.ca/images/h47/h02/9963318476830.jpg,https://www.metro.ca/en/online-grocery/search-page-528
MERCI,72% Cocoa Chocolate Bars,100 g,"$3.99
 ea.",,$3.56 /100g,,,https://product-images.metro.ca/images/ha4/h07/12171831935006.jpg,https://www.metro.ca/en/online-grocery/search-page-528
MUTTI,Finely Chopped Tomatoes,398 mL,"$2.99
 ea.",,$0.75 /100ml,"Regular price
$3.29  ea.","Valid until Jan 24, 2024",https://product-images.metro.ca/images/h5f/h46/11883423891486.jpg,https://www.metro.ca/en/online-grocery/search-page-528
MARC ANGELO,Prosciutto,200 g,"$13.49
 ea.",,$6.75 /100g,"Regular price
$14.49  ea.","Valid until Jan 17, 2024",https://product-images.metro.ca/images/h67/h94/9531336327198.jpg,https://www.metro.ca/en/online-grocery/search-page-528
VINCENT VARIÉTÉ,Dotted Anniversary Candle With Number 3,1 un,"$2.69
 ea.",,$2.69 /un.,,,https://product-images.metro.ca/images/h34/h5b/8891020804126.jpg,https://www.metro.ca/en/online-grocery/search-page-528
GILLETTE,"Dry Skin Shave Gel With Shea Butter, Satin Care",198 g,"$4.19
 ea.",,$2.12 /100g,,,,https://www.metro.ca/en/online-grocery/search-page-528
JAMIESON,Orange Flavoured Vitamin C,10 un,"$6.49
 ea.",,$0.65 /un.,,,https://product-images.metro.ca/images/ha5/hf0/11574128377886.jpg,https://www.metro.ca/en/online-grocery/search-page-528
DION,Celery Salt,160 g,"$3.99
 ea.",,$2.49 /100g,,,https://product-images.metro.ca/images/h2f/h1b/10378905354270.jpg,https://www.metro.ca/en/online-grocery/search-page-528
GATORADE,Orange Flavoured Sport Drink Beverage,8x355 mL,"$7.99
 ea.",,$0.28 /100ml,,,https://product-images.metro.ca/images/h00/ha2/10109271965726.jpg,https://www.metro.ca/en/online-grocery/search-page-528
MICROBRASSERIE NOUVELLE-FRANCE,"Gluten-Free Rice And Buckwheat Beer, La Messagère Ro...",6x341 mL - bottles,"$13.49
 ea.",,$0.66 /100ml,,,,https://www.metro.ca/en/online-grocery/search-page-529
ORAL-B,"Contour Clean™ Medium Toothbrush, Indicator",1 un,"$3.69
 ea.",,$3.69 /un.,,,,https://www.metro.ca/en/online-grocery/search-page-529
SUM-M!,Chicken Gyoza Dumplings,240 g,"$7.99
 ea.",,$3.33 /100g,,,https://product-images.metro.ca/images/h53/h0f/10471956447262.jpg,https://www.metro.ca/en/online-grocery/search-page-529
SAN-J,Gluten-Free Szechuan-Style Sauce,296 mL,"$6.99
 ea.",,$2.36 /100ml,"Regular price
$8.99  ea.","Valid until Jan 10, 2024",https://product-images.metro.ca/images/h32/h24/11816965963806.jpg,https://www.metro.ca/en/online-grocery/search-page-529
LINDT,Dark Chocolate Bar 70% Cocoa,35 g,"$1.99
 ea.",,$5.69 /100g,,,https://product-images.metro.ca/images/hb5/hf1/8975330377758.jpg,https://www.metro.ca/en/online-grocery/search-page-529
FOUR O'CLOCK,Rooibos Tea,16 un,"$4.49
 ea.",,$0.28 /un.,"Regular price
$5.29  ea.","Valid until Feb 7, 2024",https://product-images.metro.ca/images/hb4/h68/9533106454558.jpg,https://www.metro.ca/en/online-grocery/search-page-529
DAVID LUMBROSO,Orange And Cranberry Fine Biscuits,225 g,"$6.49
 ea.",,$2.88 /100g,,,https://product-images.metro.ca/images/h0a/h91/11511609655326.jpg,https://www.metro.ca/en/online-grocery/search-page-529
TWININGS,Lemon & Ginger Herbal Tea,50 un,"$9.99
 ea.",,$0.20 /un.,"Regular price
$10.99  ea.","Valid until Feb 7, 2024",https://product-images.metro.ca/images/hd2/h01/11676005269534.jpg,https://www.metro.ca/en/online-grocery/search-page-529
DION,Garlic Powder,100 g,"$6.79
 ea.",,$6.79 /100g,,,https://product-images.metro.ca/images/h93/hf4/10378929111070.jpg,https://www.metro.ca/en/online-grocery/search-page-529
MYSTIQUE,Equit-Espresso Ground Coffee,300 g,"$12.99
 ea.",,$4.33 /100g,,,https://product-images.metro.ca/images/h3a/h97/9836244074526.jpg,https://www.metro.ca/en/online-grocery/search-page-529
FROMAGERIE F.X. PICHET,Baluchon Semi-Firm Cheese,145 g,"$10.29
 ea.",,$7.10 /100g,,,https://product-images.metro.ca/images/h50/h7b/8834171142174.jpg,https://www.metro.ca/en/online-grocery/search-page-529
GARNIER,"Argan Oil & Cranberry Colour Care Shampoo, Whole Blends",370 ml,"$6.49
 ea.",,$1.75 /100ml,,,,https://www.metro.ca/en/online-grocery/search-page-529
SLIM FAST,Chocolatey Royale Flavoured Meal Replacement Mix,530 g,"$17.99
 ea.",,$3.39 /100g,,,https://product-images.metro.ca/images/h49/h0c/10240670629918.jpg,https://www.metro.ca/en/online-grocery/search-page-529
FERMES VALENS,Gluten Free Hot Italian Sausages,3 un,"$8.99
 ea.",,$8.99 /un.,,,https://product-images.metro.ca/images/h14/he4/9071179726878.jpg,https://www.metro.ca/en/online-grocery/search-page-529
SELECTION,Cannelloni Style Dog Treat,3 un,"$3.99
 ea.",,$1.33 /un.,,,https://product-images.metro.ca/images/h0c/h44/8975313862686.jpg,https://www.metro.ca/en/online-grocery/search-page-529
EXCELDOR,Chicken Drumsticks,5 drumsticks per tray,"$7.00
 avg. ea.",(530 g avg.),$13.21 /kg$5.99 /lb.,,,https://product-images.metro.ca/images/h8e/hbc/9667789488158.jpg,https://www.metro.ca/en/online-grocery/search-page-529
RUSTICHELLA D'ABRUZZO,Spaghetti,500 g,"$5.99
 ea.",,$1.20 /100g,,,https://product-images.metro.ca/images/hb7/hde/8893447241758.jpg,https://www.metro.ca/en/online-grocery/search-page-529
INTERMIEL,Golden Liquid Clover Honey,375 g,"$7.49
 ea.",,$2.00 /100g,,,https://product-images.metro.ca/images/hcd/hac/9280198443038.jpg,https://www.metro.ca/en/online-grocery/search-page-529
DAVID LUMBROSO,Strawberry Meringue,85 g,"$5.49
 ea.",,$6.46 /100g,,,https://product-images.metro.ca/images/h0d/h7f/11511609851934.jpg,https://www.metro.ca/en/online-grocery/search-page-529
L'ANCÊTRE,Organic Cheddar Cheese Aged 1 Year,200 g,"$11.29
 ea.",,$5.65 /100g,,,https://product-images.metro.ca/images/h97/h5e/9658075054110.jpg,https://www.metro.ca/en/online-grocery/search-page-529
DION,Mexican Chili Powder,78 g,"$4.99
 ea.",,$6.40 /100g,,,https://product-images.metro.ca/images/hcd/hed/10378925506590.jpg,https://www.metro.ca/en/online-grocery/search-page-529
ROYAL CHINET,22.2 Cm Round Paper Plates With Little Design,125 un,"$18.99
 ea.",,$0.15 /un.,"Regular price
$19.99  ea.","Valid until Feb 7, 2024",https://product-images.metro.ca/images/h72/h8f/9527461085214.jpg,https://www.metro.ca/en/online-grocery/search-page-529
BAND-AID,Frozen™ Assorted Sizes Bandages,20 un,"$5.29
 ea.",,$0.26 /un.,,,https://product-images.metro.ca/images/hc4/h65/10268155904030.jpg,https://www.metro.ca/en/online-grocery/search-page-529
FAVUZZI,Extra Virgin Olive Oil With Truffle,100 mL,"$16.99
 ea.",,$16.99 /100ml,,,https://product-images.metro.ca/images/heb/h67/9719519051806.jpg,https://www.metro.ca/en/online-grocery/search-page-529
RUB-A535,Ultra Strength Pain Relief Cream,100 g,"$9.99
 ea.",,$9.99 /100g,,,https://product-images.metro.ca/images/h12/h83/10778652573726.jpg,https://www.metro.ca/en/online-grocery/search-page-529
COMME MA MÈRE,Mix For Lentils And Barley Soup Mix,400 g,"$7.49
 ea.",,$1.87 /100g,,,https://product-images.metro.ca/images/h9f/h89/11022122483742.jpg,https://www.metro.ca/en/online-grocery/search-page-529
PANERISO FOODS,Gluten And Wheat Free Ice Cream Cups,12 un,"$5.29
 ea.",,$10.58 /100g,,,https://product-images.metro.ca/images/h07/h09/11702537355294.jpg,https://www.metro.ca/en/online-grocery/search-page-529
MICHEL JODOIN,"Still Cider, Dire Que Ça Aurait Pu Finir En Tarte",750 mL,"$7.99
 ea.",,$1.07 /100ml,"Regular price
$8.49  ea.","Valid until Feb 7, 2024",,https://www.metro.ca/en/online-grocery/search-page-529
MELIS,Crunchy And Touch Of Heat Pickled Gherkins,250 mL,"$4.69
 ea.",,$1.88 /100ml,"Regular price
$5.49  ea.","Valid until Jan 24, 2024",https://product-images.metro.ca/images/hf8/hfa/11133646700574.jpg,https://www.metro.ca/en/online-grocery/search-page-529
CHIC! FONDUE,Quebec Cheese And Wine Fondue,350 g,"$17.99
 ea.",,$5.14 /100g,"Regular price
$19.49  ea.","Valid until Jan 10, 2024",https://product-images.metro.ca/images/h1b/hc9/9530559660062.jpg,https://www.metro.ca/en/online-grocery/search-page-529
NESTLÉ,"Chocolate Bar, Kit Kat",73 g,"$2.29
 ea.",,$3.14 /100g,,,,https://www.metro.ca/en/online-grocery/search-page-530
IAMS,"Optimal Weight™ Dog Food, ProActive Health",6.80 kg,"$29.99
 ea.",,$0.44 /100g,"Regular price
$31.99  ea.","Valid until Jan 24, 2024",,https://www.metro.ca/en/online-grocery/search-page-530
DION,Chives,4 g,"$2.99
 ea.",,$74.75 /100g,"Regular price
$3.19  ea.","Valid until Feb 7, 2024",https://product-images.metro.ca/images/h42/h2d/8887891296286.jpg,https://www.metro.ca/en/online-grocery/search-page-530
SARDO,"Kalamata Olives, Deli Market",1 L,"$12.49
 ea.",,$1.25 /100ml,,,,https://www.metro.ca/en/online-grocery/search-page-530
DION,Bbq Spice Mix,67 g,"$2.99
 ea.",,$4.46 /100g,"Regular price
$3.69  ea.","Valid until Feb 7, 2024",https://product-images.metro.ca/images/h21/hfd/10278126026782.jpg,https://www.metro.ca/en/online-grocery/search-page-530
M'LORD,Piri Piri Peppers,100 mL,"$3.29
 ea.",,$3.29 /100ml,"Regular price
$3.79  ea.","Valid until Jan 24, 2024",https://product-images.metro.ca/images/h38/h65/12263421673502.jpg,https://www.metro.ca/en/online-grocery/search-page-530
ORAL-B,"Soft Toothbrush For Babies 4-24 Months, Pro-Health S...",1 un,"$5.29
 ea.",,$5.29 /un.,,,,https://www.metro.ca/en/online-grocery/search-page-530
BLISTEX,Sunscreen Lip Protectant,4 g,"$4.29
 ea.",,$107.25 /100g,,,https://product-images.metro.ca/images/h70/hf5/11511611490334.jpg,https://www.metro.ca/en/online-grocery/search-page-530
SELECTION,"Ocean Breeze Scented Liquid Laundry Detergent, Ultra",120 loads-5.52 L,"$10.29
 ea.",,$0.09 /load,,,,https://www.metro.ca/en/online-grocery/search-page-530
LOOP,"Raw Cold-Pressed Juice, Beach Bum",355 mL,"$5.99
 ea.",,$1.69 /100ml,,,,https://www.metro.ca/en/online-grocery/search-page-530
DION,Granulated Onion,48 g,"$3.19
 ea.",,$6.65 /100g,,,https://product-images.metro.ca/images/hd4/h47/10250251173918.jpg,https://www.metro.ca/en/online-grocery/search-page-530
CUCINA ANTICA,Tomato Basil Cooking Sauce,670 mL,"$8.49
 ea.",,$1.27 /100ml,,,https://product-images.metro.ca/images/h26/h1d/9530304102430.jpg,https://www.metro.ca/en/online-grocery/search-page-530
NATREL,Triple Chocolate Flavoured Ice Cream Mochi,6x35 mL,"$6.79
 ea.",,$3.23 /100ml,,,https://product-images.metro.ca/images/h17/h92/9742526742558.jpg,https://www.metro.ca/en/online-grocery/search-page-530
VIGNOBLE GAGLIANO,"Quebec White Wine, Levante",750 mL,"$13.49
 ea.",,$1.80 /100ml,"Regular price
$14.99  ea.","Valid until Feb 7, 2024",,https://www.metro.ca/en/online-grocery/search-page-530
GERBER,"Organic Red Berry Flavoured Baby Yogurt Melts, 12+ M...",28 g,"$5.79
 ea.",,$20.68 /100g,,,,https://www.metro.ca/en/online-grocery/search-page-530
ENFAMIL,Iron Fortified Concentrated Liquid Infant Formula 0-...,12x385 mL,"$77.29
 ea.",,$1.67 /100ml,,,,https://www.metro.ca/en/online-grocery/search-page-530
TUTTI GOURMET,"Pistachio, Cranberry & Anise Biscotti",180 g,"$6.49
 ea.",,$3.61 /100g,,,https://product-images.metro.ca/images/h82/h8c/9836199346206.jpg,https://www.metro.ca/en/online-grocery/search-page-530
MALLORY,Telescopic Snowbrush,1 un,"$10.39
 ea.",,$10.39 /un.,,,https://product-images.metro.ca/images/h39/h1b/8899932684318.jpg,https://www.metro.ca/en/online-grocery/search-page-530
WAFU,Gluten Free Ginger & Carrot Japanese Dressing,290 mL,"$6.49
 ea.",,$2.24 /100ml,"Regular price
$6.99  ea.","Valid until Jan 17, 2024",https://product-images.metro.ca/images/h8b/hc0/9533018996766.jpg,https://www.metro.ca/en/online-grocery/search-page-530
SOLO FRUIT,Organic Dark Chocolate Sorbet,500 mL,"$5.99
 ea.",,$1.20 /100ml,"Regular price
$6.99  ea.","Valid until Feb 14, 2024",https://product-images.metro.ca/images/hfe/h1c/9927499055134.jpg,https://www.metro.ca/en/online-grocery/search-page-530
Ô METS CHINOIS,"Pork Egg Rolls With Sauce, Wok'N Roll",260 g,"$4.99
 ea.",,$1.92 /100g,,,,https://www.metro.ca/en/online-grocery/search-page-530
DR. OETKER,"Frozen Wildberry Cheesecake, Pâtisserie",535 g,"$8.49
 ea.",,$1.59 /100g,,,,https://www.metro.ca/en/online-grocery/search-page-530
PÊCHERIE MANICOUAGAN,Arctic Surf Clams,142 g,"$11.99
 ea.",,$8.44 /100g,,,https://product-images.metro.ca/images/ha8/hd6/11401350348830.jpg,https://www.metro.ca/en/online-grocery/search-page-530
,Lemon Basil In A Pot,1 un,"$5.99
 ea.",,$5.99 /un.,,,https://product-images.metro.ca/images/h8a/hd5/9916397191198.jpg,https://www.metro.ca/en/online-grocery/search-page-530
SNOWDON BAKERY,Sliced Pumpernickel Bread,325 g,"$4.99
 ea.",,$1.54 /100g,,,https://product-images.metro.ca/images/hb8/ha1/8859979644958.jpg,https://www.metro.ca/en/online-grocery/search-page-530
METROGO!,Chicken Caesar Salad,Small,"$4.99
 ea.",,$3.33 /100g,,,https://product-images.metro.ca/images/hf1/hcf/8837016027166.jpg,https://www.metro.ca/en/online-grocery/search-page-530
LADY SPEED STICK,"Fruity Melon Invisible Solid Antiperspirant, Fresh I...",65 g,"$5.99
 ea.",,$9.22 /100g,,,,https://www.metro.ca/en/online-grocery/search-page-530
SPEED STICK,"Unscented Antiperspirant Stick, Power",85 g,"$5.99
 ea.",,$7.05 /100g,,,,https://www.metro.ca/en/online-grocery/search-page-530
GENERAL MILLS,"Multi-Grain Cereal Jumbo Pack, Cheerios",1.01 kg,"$9.49
 ea.",,$0.94 /100g,,,,https://www.metro.ca/en/online-grocery/search-page-530
VINCENT VARIÉTÉ,Fancy Anniversary Candle With Number 1,1 un,"$2.69
 ea.",,$2.69 /un.,,,https://product-images.metro.ca/images/h57/h85/8906764091422.jpg,https://www.metro.ca/en/online-grocery/search-page-530
GATORADE,Fruit Punch Flavoured Sport Drink Beverage,8x355 mL,"$7.99
 ea.",,$0.28 /100ml,,,https://product-images.metro.ca/images/h2e/h57/10109272915998.jpg,https://www.metro.ca/en/online-grocery/search-page-531
BIOITALIA,Organic Bolognese Sauce,358 mL,"$5.99
 ea.",,$1.67 /100ml,,,https://product-images.metro.ca/images/h90/h7b/11883399610398.jpg,https://www.metro.ca/en/online-grocery/search-page-531
MYSTIQUE,Costa Rica Monte Verde Ground Coffee,300 g,"$12.99
 ea.",,$4.33 /100g,,,https://product-images.metro.ca/images/h07/hb7/9836347555870.jpg,https://www.metro.ca/en/online-grocery/search-page-531
SIMILAC,Iron-Fortified Milk-Based Infant Formula For Babies ...,850 g,"$33.29
 ea.",,$3.92 /100g,,,,https://www.metro.ca/en/online-grocery/search-page-531
METROGO!,"Potatoes With Bacon, Cheese, And Green Onions",395 g,"$4.99
 ea.",,$1.17 /100g,,,https://product-images.metro.ca/images/h6b/h81/9647592472606.jpg,https://www.metro.ca/en/online-grocery/search-page-531
FRESHPET,"Grain Free Tender Chicken Dog Food, Select",794 g,"$13.49
 ea.",,$1.70 /100g,,,,https://www.metro.ca/en/online-grocery/search-page-531
ALPEN SECRETS,Green Apple Moisturizing Foam Bath,1 L,"$4.99
 ea.",,$0.50 /100ml,,,https://product-images.metro.ca/images/h4e/h91/9916353052702.jpg,https://www.metro.ca/en/online-grocery/search-page-531
METROGO!,Seasoned Half Chicken,,"$9.68
 avg. ea.",(800 g avg.),$12.10 /kg$5.49 /lb.,,,https://product-images.metro.ca/images/ha8/h42/8886477455390.jpg,https://www.metro.ca/en/online-grocery/search-page-531
ATTITUDE,2-In-1 Sport Ginseng And Grape Seed Oil Hypoallergen...,473 mL,"$10.29
 ea.",,$2.18 /100ml,"Regular price
$11.99  ea.","Valid until Feb 7, 2024",,https://www.metro.ca/en/online-grocery/search-page-531
MUCCI FARMS,Cherry Tomatoes,283 g,"$5.99
 ea.",,$2.12 /100g,,,https://product-images.metro.ca/images/h3d/h03/9363134775326.jpg,https://www.metro.ca/en/online-grocery/search-page-531
BIOITALIA,Organic Lasagna Pasta,375 g,"$5.29
 ea.",,$1.41 /100g,,,https://product-images.metro.ca/images/hee/h9a/11816810151966.jpg,https://www.metro.ca/en/online-grocery/search-page-531
DOMAINE CÔTES D'ARDOISE,"Quebec White Wine, La Marédoise",750 mL,"$14.99
 ea.",,$2.00 /100ml,"Regular price
$15.99  ea.","Valid until Feb 7, 2024",,https://www.metro.ca/en/online-grocery/search-page-531
D'AUCY,Salsifies,265 g,"$4.99
 ea.",,$1.88 /100g,,,https://product-images.metro.ca/images/h14/h87/11714259451934.jpg,https://www.metro.ca/en/online-grocery/search-page-531
DOVE,Revival Pomegranate And Lemon Verbena Scented Shampo...,355 mL,"$6.99
 ea.",,$1.97 /100ml,,,,https://www.metro.ca/en/online-grocery/search-page-531
SENSODYNE,Extra Fresh Complete Protection Toothpaste For Sensi...,75 ml,"$7.79
 ea.",,$10.39 /100ml,,,,https://www.metro.ca/en/online-grocery/search-page-531
COMME MA MÈRE,Rustic Split Pea And Brown Rice Soup Mix,400 g,"$7.49
 ea.",,$1.87 /100g,,,https://product-images.metro.ca/images/hc0/h87/8935923548190.jpg,https://www.metro.ca/en/online-grocery/search-page-531
ANTI SKID,Ice Sand,10 kg,"$3.29
 ea.",,$0.03 /100g,,,https://www.metro.ca/images/shared/placeholders/icon-no-picture.svg?v=2023.71.1.d1,https://www.metro.ca/en/online-grocery/search-page-531
PRANA,Non Roasted Cashews,250 g,"$11.49
 ea.",,$4.60 /100g,"Regular price
$13.99  ea.","Valid until Jan 24, 2024",https://product-images.metro.ca/images/h6d/h38/11492952211486.jpg,https://www.metro.ca/en/online-grocery/search-page-531
ST-MICHEL,Thin Butter Cookies,130 g,"$3.99
 ea.",,$3.07 /100g,,,https://product-images.metro.ca/images/h10/h53/11937113866270.jpg,https://www.metro.ca/en/online-grocery/search-page-531
FIXODENT,"Unflavoured Denture Adhesive Cream, Gum Care",57 g,"$9.29
 ea.",,$16.30 /100g,,,,https://www.metro.ca/en/online-grocery/search-page-531
DAVID LUMBROSO,Maple Meringue,85 g,"$5.49
 ea.",,$6.46 /100g,,,https://product-images.metro.ca/images/hf3/h25/11511607722014.jpg,https://www.metro.ca/en/online-grocery/search-page-531
LAVAZZA,Gran Selezione K-Cup® Coffee Pods,30 un,"$26.49
 ea.",,$0.88 /un.,,,https://product-images.metro.ca/images/hce/h08/11349104885790.jpg,https://www.metro.ca/en/online-grocery/search-page-531
ANTI+,Raspberry Juice,4x125 mL,"$7.99
 ea.",,$1.60 /100ml,,,https://product-images.metro.ca/images/hed/h85/9973621522462.jpg,https://www.metro.ca/en/online-grocery/search-page-531
GOOD COOK,Stainless Steel 12" Tong,1 un,"$7.99
 ea.",,$7.99 /un.,,,,https://www.metro.ca/en/online-grocery/search-page-531
BETTER THAN BOUILLON,Beef Base,227 g,"$7.79
 ea.",,$3.43 /100g,,,https://product-images.metro.ca/images/hf0/h5c/11432775843870.jpg,https://www.metro.ca/en/online-grocery/search-page-531
METAMUCIL,"Orange Flavoured Sugar-Free Fiber Supplement Powder,...",425 g,"$24.29
 ea.",,$5.72 /100g,,,,https://www.metro.ca/en/online-grocery/search-page-531
CHAVROUX,Goat Cheese With Figs,150 g,"$8.00
 ea.",,$5.33 /100g,,,https://product-images.metro.ca/images/h3f/hbc/9719766253598.jpg,https://www.metro.ca/en/online-grocery/search-page-531
VILEDA,Dish Sponge Scrunge Brush,1 un,"$2.99
 ea.",,$2.99 /un.,"Regular price
$4.29  ea.","Valid until Feb 7, 2024",https://product-images.metro.ca/images/hc3/hc3/8940689326110.jpg,https://www.metro.ca/en/online-grocery/search-page-531
TWININGS,Pure Camomile Herbal Tea,50 un,"$9.99
 ea.",,$0.20 /un.,"Regular price
$10.99  ea.","Valid until Feb 7, 2024",https://product-images.metro.ca/images/h21/ha9/11676004941854.jpg,https://www.metro.ca/en/online-grocery/search-page-531
JAMIESON,"Strawberry Flavoured Vitamin D3, Kids",100 un,"$8.99
 ea.",,$0.09 /un.,,,,https://www.metro.ca/en/online-grocery/search-page-531
BETTER THAN BOUILLON,Seasoned Vegetable Base,227 g,"$7.79
 ea.",,$3.43 /100g,,,https://product-images.metro.ca/images/h83/h40/11432776466462.jpg,https://www.metro.ca/en/online-grocery/search-page-532
FOUR O'CLOCK,Imperial White Tea,16 un,"$2.64
 ea.",,$0.17 /un.,"Regular price
$5.29  ea.","Valid until Apr 4, 2024",https://product-images.metro.ca/images/h49/h68/9533078536222.jpg,https://www.metro.ca/en/online-grocery/search-page-532
PRANA,Organic Dark Chocolate Chunks,300 g,"$11.49
 ea.",,$3.83 /100g,,,https://product-images.metro.ca/images/hfb/hc0/11492978425886.jpg,https://www.metro.ca/en/online-grocery/search-page-532
PAPILLE,Cajun Salametti,300 g,"$13.99
 ea.",,$4.66 /100g,,,https://product-images.metro.ca/images/hbd/h43/9529884311582.jpg,https://www.metro.ca/en/online-grocery/search-page-532
PLANETA,Extra Virgin Olive Oil,500 mL,"$23.99
 ea.",,$4.80 /100ml,"Regular price
$25.99  ea.","Valid until Feb 7, 2024",https://product-images.metro.ca/images/hcb/h90/9533183590430.jpg,https://www.metro.ca/en/online-grocery/search-page-532
LADY SPEED STICK,"Strawberry Splash® Invisible Solid Antiperspirant, F...",45 g,"$5.99
 ea.",,$13.31 /100g,,,,https://www.metro.ca/en/online-grocery/search-page-532
DION,Lemon Pepper,54 g,"$4.69
 ea.",,$8.69 /100g,,,https://product-images.metro.ca/images/h21/h2b/9530172014622.jpg,https://www.metro.ca/en/online-grocery/search-page-532
BURNBRAE FARMS,"Hard Boiled Peeled Eggs, Eggs2go!",6 un,"$4.29
 ea.",,$1.63 /100g,,,,https://www.metro.ca/en/online-grocery/search-page-532
VINCENT VARIÉTÉ,Dotted Anniversary Candle With Number 4,1 un,"$2.69
 ea.",,$2.69 /un.,,,https://product-images.metro.ca/images/he2/h61/8890339819550.jpg,https://www.metro.ca/en/online-grocery/search-page-532
RED BULL,"Energy Drink, Tropical",4x250 mL,"$8.99
 ea.",,$0.90 /100ml,"Regular price
$11.49  ea.","Valid until Jan 24, 2024",https://product-images.metro.ca/images/h26/h1a/11834194133022.jpg,https://www.metro.ca/en/online-grocery/search-page-532
,Raspberry And Blueberry Cheesecake,65 g,"$2.29
 ea.",,$3.52 /100g,,,https://product-images.metro.ca/images/hae/h03/9107305136158.jpg,https://www.metro.ca/en/online-grocery/search-page-532
JOIE,Mini Cheese Cutter,1 un,"$4.99
 ea.",,$4.99 /un.,,,https://product-images.metro.ca/images/hc8/h4c/8965416091678.jpg,https://www.metro.ca/en/online-grocery/search-page-532
GUSTA,"Black Pepper And Paprika Vegan Seitan, Pizzaroni",200 g,"$4.49
 ea.",,$2.25 /100g,"Regular price
$5.69  ea.","Valid until Jan 17, 2024",,https://www.metro.ca/en/online-grocery/search-page-532
BOB'S RED MILL,Gluten Free All-Purpose Baking Flour,624 g,"$7.29
 ea.",,$1.17 /100g,,,https://product-images.metro.ca/images/h1e/he9/9176489885726.jpg,https://www.metro.ca/en/online-grocery/search-page-532
VINCENT VARIÉTÉ,Celebration Twist-Star Candles,8 un,"$2.79
 ea.",,$2.79 /un.,,,https://product-images.metro.ca/images/hd7/h86/8907185291294.jpg,https://www.metro.ca/en/online-grocery/search-page-532
PERSONNELLE,Denture Cleanser,108 un,"$6.99
 ea.",,$0.06 /un.,,,https://product-images.metro.ca/images/h02/h0f/9160138784798.jpg,https://www.metro.ca/en/online-grocery/search-page-532
SPOT SHOT,Instant Carpet Stain Remover,496 g,"$8.19
 ea.",,$1.65 /100g,,,https://product-images.metro.ca/images/hd3/h06/8809849028638.jpg,https://www.metro.ca/en/online-grocery/search-page-532
PILAROS,Green Olives Stuffed With Pepperoncini Peppers,1 L,"$10.49
 ea.",,$1.05 /100ml,"Regular price
$11.99  ea.","Valid until Jan 24, 2024",https://product-images.metro.ca/images/hd6/h04/11665366941726.jpg,https://www.metro.ca/en/online-grocery/search-page-532
PLATINUM,AAA Platinum Angus Beef Top Sirloin Roast,,"$42.96
 avg. ea.",,$28.64 /kg$12.99 /lb.,"Regular price
$37.46  avg. kg","Valid until Jan 10, 2024",https://product-images.metro.ca/images/h9d/h7e/8886550757406.jpg,https://www.metro.ca/en/online-grocery/search-page-532
PRANA,Pitted Deglett Dates,250 g,"$8.49
 ea.",,$3.40 /100g,,,https://product-images.metro.ca/images/h29/h35/9502829314078.jpg,https://www.metro.ca/en/online-grocery/search-page-532
AÏCHA,Preserved Lemons,370 g,"$6.29
 ea.",,$1.70 /100g,,,https://product-images.metro.ca/images/hf2/hc5/8921341788190.jpg,https://www.metro.ca/en/online-grocery/search-page-532
LABATT,"Strong Lager Beer, Bleue Dry",24x355 mL - cans,"$34.99
 ea.",,$0.41 /100ml,,,,https://www.metro.ca/en/online-grocery/search-page-532
GERBER,"Organic Honey Flavoured Baby Biscuits, 12+ Months",150 g,"$5.79
 ea.",,$3.86 /100g,,,,https://www.metro.ca/en/online-grocery/search-page-532
BAND-AID,Assorted Wet-Flex® Waterproof Plastic Bandages,60 un,"$8.99
 ea.",,$0.15 /un.,,,https://product-images.metro.ca/images/h43/h31/9693757538334.jpg,https://www.metro.ca/en/online-grocery/search-page-532
MILLE FLEURS,Cranberry Confit,250 mL,"$7.99
 ea.",,$3.20 /100ml,,,https://product-images.metro.ca/images/hd4/hbe/8897166114846.jpg,https://www.metro.ca/en/online-grocery/search-page-532
LACTANTIA,3.8% Organic Milk,1.5 L,"$7.29
 ea.",,$0.49 /100ml,,,https://product-images.metro.ca/images/h42/h85/11477906653214.jpg,https://www.metro.ca/en/online-grocery/search-page-532
VILEDA,Flexible Duster,1 un,"$6.99
 ea.",,$6.99 /un.,,,https://product-images.metro.ca/images/h90/h8f/11937043742750.jpg,https://www.metro.ca/en/online-grocery/search-page-532
DUHAIME,"Crab Apple, Bird Pepper & Nutmeg Spread For Cheese",60 mL,"$4.29
 ea.",,$7.15 /100ml,,,https://product-images.metro.ca/images/hcc/h27/9533179396126.jpg,https://www.metro.ca/en/online-grocery/search-page-532
SWIFFER,"Gain Scented Wet Cleaning Clothes, Sweeper Heavy Duty",10 un,"$8.99
 ea.",,$0.90 /un.,,,,https://www.metro.ca/en/online-grocery/search-page-532
LOOP,Undercover Cold Pressed Juice,355 mL,"$5.99
 ea.",,$1.69 /100ml,,,https://product-images.metro.ca/images/h29/hdb/11541064810526.jpg,https://www.metro.ca/en/online-grocery/search-page-532
U BY KOTEX,"Individually Wrapped Thong Liners With Wings, Barely...",50 un,"$6.29
 ea.",,$0.13 /un.,,,,https://www.metro.ca/en/online-grocery/search-page-533
STARFRIT,"Can Opener, Litte Beaver",1 un,"$12.99
 ea.",,$12.99 /un.,,,,https://www.metro.ca/en/online-grocery/search-page-533
GARNIER,"Avocado Oil & Shea Butter Nourishing Shampoo, Whole ...",370 ml,"$6.49
 ea.",,$1.75 /100ml,,,,https://www.metro.ca/en/online-grocery/search-page-533
SIP-ON,Lip Protector For Canned Beverage,6 un,"$2.29
 ea.",,$2.29 /un.,,,https://product-images.metro.ca/images/hbb/hb2/8940753158174.jpg,https://www.metro.ca/en/online-grocery/search-page-533
FINESSE,Regular Hold Hairspray With Keratin Protein,300 ml,"$3.29
 ea.",,$1.10 /100ml,"Regular price
$4.99  ea.","Valid until Feb 7, 2024",https://product-images.metro.ca/images/hb8/hdd/9526106652702.jpg,https://www.metro.ca/en/online-grocery/search-page-533
THEOBROMA,Milk Chocolate Bar With Sea Salt,80 g,"$5.29
 ea.",,$6.61 /100g,,,https://product-images.metro.ca/images/he3/h99/11816798781470.jpg,https://www.metro.ca/en/online-grocery/search-page-533
MERCI,Hazelnut And Almond Chocolate Bars,100 g,"$3.99
 ea.",,$3.56 /100g,,,https://product-images.metro.ca/images/hba/h52/12171830951966.jpg,https://www.metro.ca/en/online-grocery/search-page-533
GRAND PRÉ,3.25% UHT Milk,1 L,"$4.19
 ea.",,$0.42 /100ml,,,https://product-images.metro.ca/images/hcb/hec/11574119727134.jpg,https://www.metro.ca/en/online-grocery/search-page-533
SNOWDON BAKERY,Sliced Onion Bread,625 g,"$6.99
 ea.",,$1.12 /100g,,,https://product-images.metro.ca/images/hc9/hff/8860916416542.jpg,https://www.metro.ca/en/online-grocery/search-page-533
SENSODYNE,Rapid Relief Toothpaste For Sensitive Teeth,75 mL,"$7.79
 ea.",,$10.39 /100ml,,,https://product-images.metro.ca/images/h16/h00/11541163048990.jpg,https://www.metro.ca/en/online-grocery/search-page-533
ST. IVES,Replenishing Alpine Minerals Body Lotion,600 mL,"$6.99
 ea.",,$1.17 /100ml,,,https://product-images.metro.ca/images/haf/h73/9530594263070.jpg,https://www.metro.ca/en/online-grocery/search-page-533
PATIENCE FRUIT & CO,Mix Of 4 Organic Dried Fruit,113 g,"$3.99
 ea.",,$3.53 /100g,"Regular price
$4.99  ea.","Valid until Jan 10, 2024",https://product-images.metro.ca/images/h29/h6f/9409885995038.jpg,https://www.metro.ca/en/online-grocery/search-page-533
BURT'S BEES,Peppermint Flavoured Fluoride-Free Toothpaste,105 mL,"$6.49
 ea.",,$6.18 /100ml,,,https://product-images.metro.ca/images/h48/hd2/11493080858654.jpg,https://www.metro.ca/en/online-grocery/search-page-533
CEDAR,Pitted Red Sour Cherries In Light Syrup,540 mL,"$4.29
 ea.",,$0.79 /100ml,"Regular price
$5.49  ea.","Valid until Jan 24, 2024",https://product-images.metro.ca/images/hbd/h7b/8844578848798.jpg,https://www.metro.ca/en/online-grocery/search-page-533
VINCENT VARIÉTÉ,Golden Anniversary Candles,10 un,"$2.49
 ea.",,$2.49 /un.,,,https://product-images.metro.ca/images/h36/h2a/8910751432734.jpg,https://www.metro.ca/en/online-grocery/search-page-533
MR. CLEAN,"Spring Fresh Scented Deep Cleaning Mist, Clean Freak",473 mL,"$6.79
 ea.",,$1.44 /100ml,"Regular price
$7.99  ea.","Valid until Feb 7, 2024",,https://www.metro.ca/en/online-grocery/search-page-533
DION,Fine Herbs,26 g,"$2.99
 ea.",,$11.50 /100g,"Regular price
$3.99  ea.","Valid until Feb 7, 2024",https://product-images.metro.ca/images/h4a/ha3/10378909024286.jpg,https://www.metro.ca/en/online-grocery/search-page-533
GIBIERS CANABEC,Shredded Duck Confit,200 g,"$12.99
 ea.",,$6.50 /100g,,,https://product-images.metro.ca/images/h23/hfb/9882948829214.jpg,https://www.metro.ca/en/online-grocery/search-page-533
RIVIERA,"Shredded Cheddar, Parmesan And Swiss Cheese",170 g,"$8.79
 ea.",,$5.17 /100g,,,https://product-images.metro.ca/images/h1d/h22/9508243832862.jpg,https://www.metro.ca/en/online-grocery/search-page-533
,"Bag Of Cortland Apples, Cortland",4 lb,"$7.99
 ea.",,$0.44 /100g,,,,https://www.metro.ca/en/online-grocery/search-page-533
ROCKSTAR,"Fruit Punch Flavoured Energy Drink Pack, Punched",4x473 mL,"$8.99
 ea.",,$0.48 /100ml,"Regular price
$10.99  ea.","Valid until Jan 10, 2024",,https://www.metro.ca/en/online-grocery/search-page-533
BETTER THAN BOUILLON,Chicken Base,227 g,"$10.99
 ea.",,$4.84 /100g,,,https://product-images.metro.ca/images/h98/h76/11642915389470.jpg,https://www.metro.ca/en/online-grocery/search-page-533
METROGO!,"Pork Tenderloin Skewers With Vegetables, Value Pack",4 brochettes per tray,"$20.82
 avg. ea.",(900 g avg.),$23.13 /kg$10.49 /lb.,"Regular price
$24.23  avg. kg","Valid until Jan 10, 2024",,https://www.metro.ca/en/online-grocery/search-page-533
LA CROIX,Coconut Flavoured Sparkling Water,8x355 mL,"$6.29
 ea.",,$0.22 /100ml,,,https://product-images.metro.ca/images/hdb/h1b/9999357968414.jpg,https://www.metro.ca/en/online-grocery/search-page-533
VINCENT VARIÉTÉ,Dotted Anniversary Candle With Number 0,1 un,"$2.69
 ea.",,$2.69 /un.,,,https://product-images.metro.ca/images/h48/h7e/8891099447326.jpg,https://www.metro.ca/en/online-grocery/search-page-533
NATURCLING,Oxo-Biodegradable Garbage Bags,10 un,"$5.99
 ea.",,$0.60 /un.,,,https://product-images.metro.ca/images/h77/h43/9910098526238.jpg,https://www.metro.ca/en/online-grocery/search-page-533
WAFU,"Japanese Style Wasabi Spread, Mayonaizu",250 mL,"$6.49
 ea.",,$2.60 /100ml,"Regular price
$6.99  ea.","Valid until Jan 17, 2024",,https://www.metro.ca/en/online-grocery/search-page-533
JAMIESON,"Assorted Flavoured Vitamin And Mineral Supplement, M...",60 un,"$14.49
 ea.",,$24.15 /100un.,,,,https://www.metro.ca/en/online-grocery/search-page-533
DION,Nutmeg,40 g,"$6.29
 ea.",,$15.73 /100g,,,https://product-images.metro.ca/images/he5/h2d/10250247831582.jpg,https://www.metro.ca/en/online-grocery/search-page-533
GOGO SQUEEZ,"Apple, Raspberry And Lemon Sauce Pouches",4x90 g,"$4.99
 ea.",,$1.39 /100g,,,https://product-images.metro.ca/images/h0d/h15/10695733772318.jpg,https://www.metro.ca/en/online-grocery/search-page-533
SELECTION,"Cold Water Liquid Laundry Detergent, Ultra",120 loads-5.52 L,"$10.29
 ea.",,$0.09 /load,,,,https://www.metro.ca/en/online-grocery/search-page-534
ÉMILE NOËL,Organic Extra Virgin Olive Oil,1 L,"$28.49
 ea.",,$2.85 /100ml,,,https://product-images.metro.ca/images/haf/hcb/11590648496158.jpg,https://www.metro.ca/en/online-grocery/search-page-534
MESTEMACHER,Sunflower Seeds Loaf,500 g,"$4.59
 ea.",,$0.92 /100g,"Regular price
$5.49  ea.","Valid until Jan 17, 2024",https://product-images.metro.ca/images/h9d/hc7/9530137542686.jpg,https://www.metro.ca/en/online-grocery/search-page-534
STARFRIT,Round Container With Lid,"1 un, 850 ml","$5.49
 ea.",,$5.49 /un.,,,https://product-images.metro.ca/images/h65/hf5/8962212331550.jpg,https://www.metro.ca/en/online-grocery/search-page-534
VINCENT VARIÉTÉ,Dotted Anniversary Candle With Number 6,1 un,"$2.69
 ea.",,$2.69 /un.,,,https://product-images.metro.ca/images/h5b/hb8/8907199643678.jpg,https://www.metro.ca/en/online-grocery/search-page-534
METROGO!,Traditionally Smoked Maple Flavoured Seasoned Pork T...,,"$7.43
 avg. ea.",(375 g avg.),$19.82 /kg$8.99 /lb.,"Regular price
$26.43  avg. kg","Valid until Jan 10, 2024",,https://www.metro.ca/en/online-grocery/search-page-534
IRRESISTIBLES,Dried Apricots,600 g,"$14.99
 ea.",,$2.50 /100g,,,https://product-images.metro.ca/images/hc4/h98/9131795185694.jpg,https://www.metro.ca/en/online-grocery/search-page-534
MAYACAMAS,Demi-Glace Sauce Mix,21 g,"$2.19
 ea.",,$10.43 /100g,,,https://product-images.metro.ca/images/h28/h57/9530307706910.jpg,https://www.metro.ca/en/online-grocery/search-page-534
L'ANCÊTRE,Partially Skimmed Mozzarella Cheese,200 g,"$9.99
 ea.",,$5.00 /100g,,,https://product-images.metro.ca/images/had/h98/9658073055262.jpg,https://www.metro.ca/en/online-grocery/search-page-534
GOOD COOK,Apple Corer,1 un,"$4.59
 ea.",,$4.59 /un.,,,https://product-images.metro.ca/images/h3e/h5a/9217434812446.jpg,https://www.metro.ca/en/online-grocery/search-page-534
,Bag Of Organic Lemons,454 g,"$4.99
 ea.",,$1.10 /100g,,,https://product-images.metro.ca/images/h4d/h6e/8893955473438.jpg,https://www.metro.ca/en/online-grocery/search-page-534
NORTH HATLEY,Pure Maple Candies,96 g,"$4.69
 ea.",,$4.69 /100g,,,https://product-images.metro.ca/images/h38/h77/8924078276638.jpg,https://www.metro.ca/en/online-grocery/search-page-534
VEGA,"Chocolate Flavoured Plant-Based Protein Supplements,...",837 g,"$63.99
 ea.",,$7.65 /100g,,,,https://www.metro.ca/en/online-grocery/search-page-534
METROGO!,Portuguese Half Chicken,,"$9.68
 avg. ea.",(800 g avg.),$12.10 /kg$5.49 /lb.,,,https://product-images.metro.ca/images/h46/hb0/8886604202014.jpg,https://www.metro.ca/en/online-grocery/search-page-534
TIM HORTONS,"Colombian Dark Medium Roast K-Cup® Coffee Pods, Keurig",30 un,"$23.99
 ea.",,$0.80 /un.,,,,https://www.metro.ca/en/online-grocery/search-page-534
MESTEMACHER,3 Grains Bread,500 g,"$4.59
 ea.",,$0.92 /100g,"Regular price
$5.49  ea.","Valid until Jan 17, 2024",https://product-images.metro.ca/images/hd2/h70/9530440581150.jpg,https://www.metro.ca/en/online-grocery/search-page-534
OCEAN SPRAY,"Dried Cranberries, Craisins",680 g,"$8.99
 ea.",,$1.32 /100g,,,,https://www.metro.ca/en/online-grocery/search-page-534
LA MILANAISE,Organic Whole Buckwheat Flour,2 kg,"$12.49
 ea.",,$0.62 /100g,,,https://product-images.metro.ca/images/h59/h6d/11857620533278.jpg,https://www.metro.ca/en/online-grocery/search-page-534
ROYALE,3-Ply Bathroom Tissues,8x165 sheets,"$12.49
 ea.",,$1.56 /un.,,,https://product-images.metro.ca/images/h00/h04/9523394281502.jpg,https://www.metro.ca/en/online-grocery/search-page-534
KONTOS,Tandoori Naan Bread,397 g,"$4.99
 ea.",,$1.26 /100g,,,https://product-images.metro.ca/images/ha5/h7f/8919581294622.jpg,https://www.metro.ca/en/online-grocery/search-page-534
DION,Cream Of Tartar,55 g,"$4.99
 ea.",,$9.07 /100g,,,https://product-images.metro.ca/images/he5/h2c/10278129401886.jpg,https://www.metro.ca/en/online-grocery/search-page-534
ALPEN SECRETS,Foaming Goat Milk Bath With Lavender Oil,850 ml,"$4.49
 ea.",,$0.53 /100ml,,,https://product-images.metro.ca/images/hcf/hd2/10143897911326.jpg,https://www.metro.ca/en/online-grocery/search-page-534
MERCI,Milk Chocolate Bars,100 g,"$3.99
 ea.",,$3.56 /100g,,,https://product-images.metro.ca/images/h2d/h0d/12171831738398.jpg,https://www.metro.ca/en/online-grocery/search-page-534
RED BULL,Energy Drink,8x250 mL,"$20.99
 ea.",,$1.05 /100ml,,,https://product-images.metro.ca/images/h5e/hab/12018722209822.jpg,https://www.metro.ca/en/online-grocery/search-page-534
DION,Crushed Mint,11 g,"$3.19
 ea.",,$22.79 /100g,,,https://product-images.metro.ca/images/hdd/he1/10250251534366.jpg,https://www.metro.ca/en/online-grocery/search-page-534
LAMBERT SYRUP,Genuine Formula Cough Syrup,150 mL,"$9.99
 ea.",,$6.66 /100ml,,,https://product-images.metro.ca/images/hbc/he5/10792012480542.jpg,https://www.metro.ca/en/online-grocery/search-page-534
IRRESISTIBLES,Dried Mango Slices,330 g,"$8.99
 ea.",,$2.72 /100g,,,https://product-images.metro.ca/images/h88/hdf/9131800428574.jpg,https://www.metro.ca/en/online-grocery/search-page-534
CEDAR,Calrose Medium Grain Rice,4 kg,"$19.99
 ea.",,$0.50 /100g,,,https://product-images.metro.ca/images/h7b/h29/9731836837918.jpg,https://www.metro.ca/en/online-grocery/search-page-534
VALOR,Lactose Free Milk Chocolate Bar,100 g,"$5.29
 ea.",,$5.29 /100g,,,https://product-images.metro.ca/images/hd0/h3d/9532937699358.jpg,https://www.metro.ca/en/online-grocery/search-page-534
,Baby-Cut Carrots,907 g,"$4.99
 ea.",,$0.55 /100g,,,https://product-images.metro.ca/images/h92/h6e/8894032085022.jpg,https://www.metro.ca/en/online-grocery/search-page-534
CENTRUM,Performance® Complete Multivitamin And Mineral Suppl...,75 un,"$25.49
 ea.",,$0.34 /un.,,,,https://www.metro.ca/en/online-grocery/search-page-535
FIXODENT,"Original Denture Adhesive Cream, Complete Original",68 g,"$9.29
 ea.",,$13.66 /100g,,,,https://www.metro.ca/en/online-grocery/search-page-535
GRAVOL,Natural Source Ginger Antinauseant Soft Chewable Tab...,20 un,"$8.49
 ea.",,$0.42 /un.,,,,https://www.metro.ca/en/online-grocery/search-page-535
CEDAR,Pickled Wild Cucumber,1 L,"$6.99
 ea.",,$0.70 /100ml,,,https://product-images.metro.ca/images/h62/hbe/9719745904670.jpg,https://www.metro.ca/en/online-grocery/search-page-535
LA VISITA,Fried Pork Skins With Salt Added,85 g,"$3.19
 ea.",,$3.75 /100g,,,https://product-images.metro.ca/images/h12/h27/9073731108894.jpg,https://www.metro.ca/en/online-grocery/search-page-535
ANTI+,Cranberry Juice,4x125 mL,"$7.99
 ea.",,$1.60 /100ml,,,https://product-images.metro.ca/images/hbf/hc4/9973620015134.jpg,https://www.metro.ca/en/online-grocery/search-page-535
HERTEL,Cherry And Almond All Pupose Disinfectant,700 ml,"$4.39
 ea.",,$0.63 /100ml,,,https://product-images.metro.ca/images/h6a/h59/9522657198110.jpg,https://www.metro.ca/en/online-grocery/search-page-535
DIMPFLMEIER,Black Forest Style Rye Bread,454 g,"$4.19
 ea.",,$0.92 /100g,,,https://product-images.metro.ca/images/h03/hf3/9522664570910.jpg,https://www.metro.ca/en/online-grocery/search-page-535
DION,Cumin Seeds,41 g,"$2.99
 ea.",,$7.29 /100g,"Regular price
$3.39  ea.","Valid until Feb 7, 2024",https://product-images.metro.ca/images/h7c/h18/10250253041694.jpg,https://www.metro.ca/en/online-grocery/search-page-535
,Frozen Grade A Whole Duck,,"$31.46
 avg. ea.","(2,600 g avg.)",$12.10 /kg$5.49 /lb.,"Regular price
$13.21  avg. kg","Valid until Jan 17, 2024",https://product-images.metro.ca/images/h8f/h58/11521258389534.jpg,https://www.metro.ca/en/online-grocery/search-page-535
TIMOTHY'S,Chai Latte Flavoured K-Cup Coffe Pods,12 un,"$9.99
 ea.",,$5.95 /100g,"Regular price
$11.99  ea.","Valid until Feb 7, 2024",https://product-images.metro.ca/images/hd6/hda/11509506244638.jpg,https://www.metro.ca/en/online-grocery/search-page-535
LISTERINE,Anti-Cavity Antiseptic Mouthwash With Everfresh™ Tec...,1 L,"$10.49
 ea.",,$1.05 /100L,,,,https://www.metro.ca/en/online-grocery/search-page-535
,"Fresh Canadian Rainbow Trout Fillets, Value Pack, Va...",Around 2 fillets per tray,"$17.35
 avg. ea.",(450 g avg.),$38.56 /kg$17.49 /lb.,,,,https://www.metro.ca/en/online-grocery/search-page-535
TRUDEAU,Fresh Roasted Pepper Pesto,142 g,"$5.99
 ea.",,$4.22 /100g,,,https://product-images.metro.ca/images/h90/hb3/11461784010782.jpg,https://www.metro.ca/en/online-grocery/search-page-535
NATURE'S RECIPE,Grain Free Adult Dog Food With Real Chicken,1.8 kg,"$16.49
 ea.",,$0.92 /100kg,"Regular price
$16.99  ea.","Valid until Jan 24, 2024",https://product-images.metro.ca/images/h11/hfc/11386235256862.jpg,https://www.metro.ca/en/online-grocery/search-page-535
SIGNÉ CAMÉLINE,Camelina Oil,250 mL,"$10.49
 ea.",,$4.20 /100ml,"Regular price
$11.49  ea.","Valid until Feb 7, 2024",https://product-images.metro.ca/images/h91/h36/10040061198366.jpg,https://www.metro.ca/en/online-grocery/search-page-535
1642,Tonic Soft Drink,4x275 mL,"$8.99
 ea.",,$0.82 /100ml,"Regular price
$9.99  ea.","Valid until Jan 24, 2024",https://product-images.metro.ca/images/h4c/hd1/9530670415902.jpg,https://www.metro.ca/en/online-grocery/search-page-535
CHOCOLATERIE DU VIEUX BELOEIL,Plain Caramel,314 mL,"$9.49
 ea.",,$3.02 /100ml,,,https://product-images.metro.ca/images/h82/h89/11022167506974.jpg,https://www.metro.ca/en/online-grocery/search-page-535
TROJAN,Ultra Thin Latex Condoms,12 un,"$12.99
 ea.",,$1.08 /un.,,,https://product-images.metro.ca/images/h69/h1d/11570785845278.jpg,https://www.metro.ca/en/online-grocery/search-page-535
TETLEY,Orange Pekoe Tea K-Cup® Pods,12 un,"$8.99
 ea.",,$74.92 /100un.,"Regular price
$10.99  ea.","Valid until Feb 7, 2024",https://product-images.metro.ca/images/hd6/h52/11735075323934.jpg,https://www.metro.ca/en/online-grocery/search-page-535
DION,Onion Salt,198 g,"$3.99
 ea.",,$2.02 /100g,,,https://product-images.metro.ca/images/hfa/he7/10378908499998.jpg,https://www.metro.ca/en/online-grocery/search-page-535
ULKER,Pizza Sticks,200 g,"$3.79
 ea.",,$1.90 /100g,,,https://product-images.metro.ca/images/h53/hc5/9559031971870.jpg,https://www.metro.ca/en/online-grocery/search-page-535
SAN-J,Organic Brewed Soy Sauce,296 mL,"$6.99
 ea.",,$2.36 /100ml,"Regular price
$8.99  ea.","Valid until Jan 10, 2024",https://product-images.metro.ca/images/h32/he2/11816875786270.jpg,https://www.metro.ca/en/online-grocery/search-page-535
BIOITALIA,Organic Chilli Tomato Sauce,358 mL,"$5.99
 ea.",,$1.67 /100ml,,,https://product-images.metro.ca/images/h49/hb6/11307106926622.jpg,https://www.metro.ca/en/online-grocery/search-page-535
IRRESISTIBLES,"Premium Spicy Nut Mix, Sizzler'S",600 g,"$8.99
 ea.",,$1.50 /100g,"Regular price
$9.99  ea.","Valid until Jan 10, 2024",,https://www.metro.ca/en/online-grocery/search-page-535
SCHICK,Naturals Sensitive Care® Razor With Moisture Ribbons...,1 un,"$12.99
 ea.",,$12.99 /un.,,,,https://www.metro.ca/en/online-grocery/search-page-535
VINCENT VARIÉTÉ,Dotted Anniversary Candle With Number 7,1 un,"$2.69
 ea.",,$2.69 /un.,,,https://product-images.metro.ca/images/hd7/h3b/8890460602398.jpg,https://www.metro.ca/en/online-grocery/search-page-535
SARDO,"Stuffed Mammoth Olives, Deli Market",1 L,"$12.49
 ea.",,$1.25 /100ml,,,,https://www.metro.ca/en/online-grocery/search-page-535
COLGATE,"Toothpaste With Charcoal, Essentials",98 mL,"$6.99
 ea.",,$7.13 /100ml,,,,https://www.metro.ca/en/online-grocery/search-page-535
GOGO QUINOA,Organic Cocoa Puffed Cereal,260 g,"$6.29
 ea.",,$2.42 /100g,,,https://product-images.metro.ca/images/h9c/h41/10491756052510.jpg,https://www.metro.ca/en/online-grocery/search-page-535
DOS EQUIS,Mexican Lager Beer,4x473 mL - cans,"$13.49
 ea.",,$0.71 /100ml,"Regular price
$15.49  ea.","Valid until Feb 7, 2024",https://product-images.metro.ca/images/h46/h7f/11574055305246.jpg,https://www.metro.ca/en/online-grocery/search-page-536
NATURE'S RECIPE,Grain Free Chicken Flavoured Small Dog Food,1.8 kg,"$16.49
 ea.",,$0.92 /100g,"Regular price
$16.99  ea.","Valid until Jan 24, 2024",https://product-images.metro.ca/images/h1f/hf8/11386243448862.jpg,https://www.metro.ca/en/online-grocery/search-page-536
INTERMIEL,Apple Blossom Honey,500 g,"$8.79
 ea.",,$1.76 /100g,,,https://product-images.metro.ca/images/h6f/ha5/9280196640798.jpg,https://www.metro.ca/en/online-grocery/search-page-536
U BY KOTEX,"Regular Absorbency Liners, Lightdays",129 un,"$9.29
 ea.",,$0.07 /un.,,,,https://www.metro.ca/en/online-grocery/search-page-536
ÉMILE NOËL,Organic Extra Virgin Olive Oil,500 mL,"$15.49
 ea.",,$3.10 /100ml,,,https://product-images.metro.ca/images/h84/hbd/11590648594462.jpg,https://www.metro.ca/en/online-grocery/search-page-536
CEDAR,Burgol #1 Fine,907 g,"$3.49
 ea.",,$0.38 /100g,,,https://product-images.metro.ca/images/hc1/hb9/11590578700318.jpg,https://www.metro.ca/en/online-grocery/search-page-536
FINESSE,Firm Hold Hairspray With Keratin Protein,300 ml,"$3.29
 ea.",,$1.10 /100ml,"Regular price
$4.99  ea.","Valid until Feb 7, 2024",https://product-images.metro.ca/images/hff/h1a/9526115500062.jpg,https://www.metro.ca/en/online-grocery/search-page-536
ST-MICHEL,French Shortbread Cookies,130 g,"$4.69
 ea.",,$3.13 /100g,"Regular price
$5.49  ea.","Valid until Jan 24, 2024",https://product-images.metro.ca/images/h4a/h4e/9533907009566.jpg,https://www.metro.ca/en/online-grocery/search-page-536
CHOCOLATERIE DU VIEUX BELOEIL,Maple Caramel,314 mL,"$9.49
 ea.",,$3.02 /100ml,,,https://product-images.metro.ca/images/h59/h61/9559166287902.jpg,https://www.metro.ca/en/online-grocery/search-page-536
RUG DOCTOR,Pre-Treatment For Hi-Traffic Carpets,710 ml,"$8.99
 ea.",,$899.00 /100un.,,,https://product-images.metro.ca/images/hdd/h25/11281606672414.jpg,https://www.metro.ca/en/online-grocery/search-page-536
DION,Pork Seasoning,42 g,"$3.19
 ea.",,$7.60 /100g,,,https://product-images.metro.ca/images/hca/h14/10319484813342.jpg,https://www.metro.ca/en/online-grocery/search-page-536
COLGATE,Extra Clean® Firm Toothbrush,1 un,"$1.99
 ea.",,$1.99 /un.,,,https://product-images.metro.ca/images/h8c/h0c/10225150066718.jpg,https://www.metro.ca/en/online-grocery/search-page-536
DAIYA,Gluten Free Medium Cheddar Block Cheese,200 g,"$5.49
 ea.",,$2.75 /100g,"Regular price
$7.49  ea.","Valid until Feb 14, 2024",https://product-images.metro.ca/images/h66/h5e/11816898396190.jpg,https://www.metro.ca/en/online-grocery/search-page-536
,Fresh Chilean Whole Salmon Fillet,,"$30.85
 avg. ea.",(800 g avg.),$38.56 /kg$17.49 /lb.,,,https://product-images.metro.ca/images/h31/h40/11760052076574.jpg,https://www.metro.ca/en/online-grocery/search-page-536
SCHWEPPES,Ginger Ale,15x222 mL,"$6.99
 ea.",,$0.21 /100ml,"Regular price
$7.99  ea.","Valid until Jan 24, 2024",https://product-images.metro.ca/images/h22/h90/9516014927902.jpg,https://www.metro.ca/en/online-grocery/search-page-536
ÎLE-AUX-GRUES,Cheddar Cheese Aged 1 Year,150 g,"$8.49
 ea.",,$5.66 /100g,,,https://product-images.metro.ca/images/h74/h57/9823808290846.jpg,https://www.metro.ca/en/online-grocery/search-page-536
VINCENT VARIÉTÉ,Anniversary Candle With Number 4,1 un,"$2.69
 ea.",,$2.69 /un.,,,https://product-images.metro.ca/images/h23/hc0/8891145453598.jpg,https://www.metro.ca/en/online-grocery/search-page-536
LA CROIX,Orange Flavoured Sparkling Water,8x355 mL,"$6.29
 ea.",,$0.22 /100ml,,,https://product-images.metro.ca/images/h82/h42/9999358689310.jpg,https://www.metro.ca/en/online-grocery/search-page-536
GERBER,Organic Apple Flavoured Baby Biscuits,150 g,"$5.79
 ea.",,$3.86 /100g,,,https://product-images.metro.ca/images/h47/h34/11612600893470.jpg,https://www.metro.ca/en/online-grocery/search-page-536
JOHNVINCE FOODS,Couscous,750 g,"$4.79
 ea.",,$0.64 /100g,,,https://product-images.metro.ca/images/h37/h02/8895754502174.jpg,https://www.metro.ca/en/online-grocery/search-page-536
MADEGOOD,Chocolate-Banana Granola Bites,100 g,"$4.49
 ea.",,$4.49 /100g,"Regular price
$4.99  ea.","Valid until Feb 7, 2024",https://product-images.metro.ca/images/h38/hee/11771865825310.jpg,https://www.metro.ca/en/online-grocery/search-page-536
MERIT,Strawberry Mousse,2x150 g,"2 / 
$14.00",,or $8.79 ea. $2.33 /100g,"Regular price
$9.79  ea.","Valid until Jan 17, 2024",https://www.metro.ca/images/shared/placeholders/icon-no-picture.svg?v=2023.71.1.d1,https://www.metro.ca/en/online-grocery/search-page-536
CEDAR,Chick Peas Dip Hummus,380 g,"$2.39
 ea.",,$0.63 /100g,,,https://product-images.metro.ca/images/hb1/he4/11590591512606.jpg,https://www.metro.ca/en/online-grocery/search-page-536
CEDAR,Pink Beans,907 g,"$5.49
 ea.",,$0.61 /100g,,,https://product-images.metro.ca/images/h81/h32/8932988223518.jpg,https://www.metro.ca/en/online-grocery/search-page-536
BAND-AID,Waterproof Bandages Tough-Strips®,20 un,"$3.64
 ea.",,$0.18 /un.,"Regular price
$7.29  ea.","Valid until May 16, 2024",https://product-images.metro.ca/images/ha5/h60/9973413609502.jpg,https://www.metro.ca/en/online-grocery/search-page-536
ELASTOPLAST,"Assorted Fabric Plasters, Family Pack",80 un,"$6.29
 ea.",,$0.08 /un.,,,https://product-images.metro.ca/images/h95/haf/10821313036318.jpg,https://www.metro.ca/en/online-grocery/search-page-536
HARVEST SUN,Vegetable Organic Broth Cubes,66 g,"$3.49
 ea.",,$5.29 /100g,,,https://product-images.metro.ca/images/h02/hc5/9530118242334.jpg,https://www.metro.ca/en/online-grocery/search-page-536
,Organic Blueberries,170 g,"$5.99
 ea.",,$3.52 /100g,,,https://product-images.metro.ca/images/h7e/h3d/9335906500638.jpg,https://www.metro.ca/en/online-grocery/search-page-536
GOOD COOK,Bottle Opener,1 un,"$2.59
 ea.",,$2.59 /un.,,,https://product-images.metro.ca/images/h51/h62/9289447997470.jpg,https://www.metro.ca/en/online-grocery/search-page-536
FAVUZZI,Ricciole,500 g,"$5.99
 ea.",,$1.20 /100g,,,https://product-images.metro.ca/images/hb7/hca/9533791010846.jpg,https://www.metro.ca/en/online-grocery/search-page-536
LE VENEZIANE,Gluten Free Corn Spaghetti,250 g,"$4.69
 ea.",,$1.88 /100g,,,https://product-images.metro.ca/images/h89/hc0/8854838804510.jpg,https://www.metro.ca/en/online-grocery/search-page-537
FERMES VALENS,Gluten Free Maple-Bacon Sausages,3 un,"$8.99
 ea.",,$8.99 /un.,,,https://product-images.metro.ca/images/hea/h6c/10244611538974.jpg,https://www.metro.ca/en/online-grocery/search-page-537
SCHÄR,Gluten Free Hamburger Buns,300 g,"$9.99
 ea.",,$3.33 /100g,,,https://product-images.metro.ca/images/hc1/h90/10547115524126.jpg,https://www.metro.ca/en/online-grocery/search-page-537
VINCENT VARIÉTÉ,Anniversary Candle With Number 2,1 un,"$2.69
 ea.",,$2.69 /un.,,,https://product-images.metro.ca/images/h04/he3/8890495533086.jpg,https://www.metro.ca/en/online-grocery/search-page-537
FAVUZZI,Gemelli,500 g,"$5.99
 ea.",,$1.20 /100g,,,https://product-images.metro.ca/images/h3b/hcc/9533789929502.jpg,https://www.metro.ca/en/online-grocery/search-page-537
OSHLAG,Kölsch Blonde Beer,473 mL - can,"$3.49
 ea.",,$0.74 /100ml,,,https://product-images.metro.ca/images/h68/h72/10184296071198.jpg,https://www.metro.ca/en/online-grocery/search-page-537
VINCENT VARIÉTÉ,Anniversary Candle With Number 5,1 un,"$2.69
 ea.",,$2.69 /un.,,,https://product-images.metro.ca/images/h89/h47/8890686308382.jpg,https://www.metro.ca/en/online-grocery/search-page-537
LA CROIX,Berry Flavoured Sparkling Water,8x355 mL,"$6.29
 ea.",,$0.22 /100ml,,,https://product-images.metro.ca/images/h29/h4c/9836498485278.jpg,https://www.metro.ca/en/online-grocery/search-page-537
,Greek Basil In A Pot,1 un,"$5.99
 ea.",,$5.99 /un.,,,https://product-images.metro.ca/images/h7c/h3a/9916390015006.jpg,https://www.metro.ca/en/online-grocery/search-page-537
SAPUTO,Trecce Di Mozzarella Fresca™ Fresh Braided Mozzarell...,160 g,"$7.49
 ea.",,$4.68 /100g,,,,https://www.metro.ca/en/online-grocery/search-page-537
CRYSTAL LIGHT,Low Calorie Dark Cherry & Pomegranate Drink Mix,37.6 g,"$3.99
 ea.",,$10.61 /100g,"Regular price
$4.79  ea.","Valid until Jan 24, 2024",https://product-images.metro.ca/images/h16/h02/9986732130334.jpg,https://www.metro.ca/en/online-grocery/search-page-537
COLGATE,"Medium Toothbrush, MaxFresh",1 un,"$3.99
 ea.",,$3.99 /un.,"Regular price
$5.49  ea.","Valid until Feb 7, 2024",,https://www.metro.ca/en/online-grocery/search-page-537
BALATTI,Tomato Pesto,110 g,"$4.99
 ea.",,$4.54 /100g,,,https://product-images.metro.ca/images/hb6/had/11511580557342.jpg,https://www.metro.ca/en/online-grocery/search-page-537
CRYSTAL LIGHT,Low Calorie Tangerine & Grapefruit Drink Mix,53.6 g,"$3.99
 ea.",,$7.44 /100g,"Regular price
$4.79  ea.","Valid until Jan 24, 2024",https://product-images.metro.ca/images/hf1/h03/9986733965342.jpg,https://www.metro.ca/en/online-grocery/search-page-537
FARNHAM ALE & LAGER,"Unfiltered Summer Pale Ale Beer, 42",473 mL,"$3.79
 ea.",,$0.80 /100ml,,,,https://www.metro.ca/en/online-grocery/search-page-537
VINCENT VARIÉTÉ,Dotted Anniversary Candle With Number 8,1 un,"$2.69
 ea.",,$2.69 /un.,,,https://product-images.metro.ca/images/he5/h47/8890502807582.jpg,https://www.metro.ca/en/online-grocery/search-page-537
BIOITALIA,Organic Plum Puree,120 g,"$1.79
 ea.",,$1.49 /100g,"Regular price
$2.19  ea.","Valid until Feb 7, 2024",https://product-images.metro.ca/images/hd0/hf7/9836429934622.jpg,https://www.metro.ca/en/online-grocery/search-page-537
BALATTI,Gluten Free Ginger In Oil,110 g,"$5.99
 ea.",,$5.45 /100g,,,https://product-images.metro.ca/images/hc7/h46/11511616438302.jpg,https://www.metro.ca/en/online-grocery/search-page-537
THAÏ EXPRESS,Sweet And Sour Chicken,300 g,"$7.49
 ea.",,$2.50 /100g,"Regular price
$7.99  ea.","Valid until Jan 17, 2024",https://product-images.metro.ca/images/h71/h2c/11461822971934.jpg,https://www.metro.ca/en/online-grocery/search-page-537
CREST,"Mouthwash With Fluoride, Pro-Health Advanced",1 L,"$10.29
 ea.",,$1.03 /100L,,,,https://www.metro.ca/en/online-grocery/search-page-537
DION,Unsalted Salad Seasoning,34 g,"$4.69
 ea.",,$13.79 /100g,,,https://product-images.metro.ca/images/h4a/h4c/10319477506078.jpg,https://www.metro.ca/en/online-grocery/search-page-537
STARFRIT,"Round Plastic Container, Lock&Lock","1 un, 300 ml","$3.69
 ea.",,$3.69 /un.,,,,https://www.metro.ca/en/online-grocery/search-page-537
FOUR O'CLOCK,Organic & Fairtrade English Breakfast Tea,16 un,"$4.49
 ea.",,$0.28 /un.,"Regular price
$5.29  ea.","Valid until Feb 7, 2024",https://product-images.metro.ca/images/hc8/h26/9533095051294.jpg,https://www.metro.ca/en/online-grocery/search-page-537
,Red Pear,vendue individuellement,"$1.32
 avg. ea.",(200 g avg.),$6.59 /kg$2.99 /lb.,,,https://product-images.metro.ca/images/h36/hdd/8872797896734.jpg,https://www.metro.ca/en/online-grocery/search-page-537
G-U-M,Technique™ Deep Clean Soft Toothbrush,1 un,"$2.79
 ea.",,$2.79 /un.,"Regular price
$3.19  ea.","Valid until Feb 7, 2024",https://product-images.metro.ca/images/h5a/hb4/11937096663070.jpg,https://www.metro.ca/en/online-grocery/search-page-537
COTEAU ROUGEMONT,Raspberry Flavoured Cider,750 mL,"$12.99
 ea.",,$1.73 /100ml,,,https://product-images.metro.ca/images/haa/h97/9533368238110.jpg,https://www.metro.ca/en/online-grocery/search-page-537
NATUR,Pure Linseed Oil,450 mL,"$11.29
 ea.",,$2.51 /100ml,,,https://product-images.metro.ca/images/h63/h12/10946108555294.jpg,https://www.metro.ca/en/online-grocery/search-page-537
DION,Black Peppercorns,43 g,"$4.79
 ea.",,$11.14 /100g,,,https://product-images.metro.ca/images/hdb/hd0/8944757538846.jpg,https://www.metro.ca/en/online-grocery/search-page-537
MAYACAMAS,Gluten Free Alfredo Sauce Mix,28 g,"$2.19
 ea.",,$7.82 /100g,,,https://product-images.metro.ca/images/hdb/h2a/8854709698590.jpg,https://www.metro.ca/en/online-grocery/search-page-537
ST-VIATEUR BAGEL,Whole Wheat Bagels,"6 bagels, 450 g","$6.99
 ea.",,$1.17 /un.,,,https://product-images.metro.ca/images/h07/hab/8917475524638.jpg,https://www.metro.ca/en/online-grocery/search-page-537
NATREL,Vanilla Flavoured Ice Cream Mochi,210 mL,"$6.79
 ea.",,$3.23 /100ml,,,https://product-images.metro.ca/images/h00/ha7/9742521368606.jpg,https://www.metro.ca/en/online-grocery/search-page-538
ALPEN SECRETS,Foaming Goat Milk Bath With Shea Butter,850 ml,"$4.49
 ea.",,$0.53 /100ml,,,https://product-images.metro.ca/images/h62/h30/10143899713566.jpg,https://www.metro.ca/en/online-grocery/search-page-538
VINCENT VARIÉTÉ,Anniversary Candle With Number 3,1 un,"$2.69
 ea.",,$2.69 /un.,,,https://product-images.metro.ca/images/ha0/hf9/8890987118622.jpg,https://www.metro.ca/en/online-grocery/search-page-538
GOLD SEAL,Mackerel In Olive Oil,115 g,"$4.79
 ea.",,$4.17 /100g,,,https://product-images.metro.ca/images/h33/hd6/11860720287774.jpg,https://www.metro.ca/en/online-grocery/search-page-538
STARFRIT,Magnetic Peeler,1 un,"$8.99
 ea.",,$8.99 /un.,,,https://product-images.metro.ca/images/hc8/h04/9014895837214.jpg,https://www.metro.ca/en/online-grocery/search-page-538
METROGO!,Greek Chicken Salad,Small,"$4.99
 ea.",,$2.27 /100g,,,https://product-images.metro.ca/images/h63/heb/8837086085150.jpg,https://www.metro.ca/en/online-grocery/search-page-538
METROGO!,Village Greek Salad,,"$6.49
 ea.",,$1.03 /100g,,,https://product-images.metro.ca/images/h37/h3b/8837220237342.jpg,https://www.metro.ca/en/online-grocery/search-page-538
ALASKAN SNOW LEGS,Frozen Imitation Crabmeat And Snow Crabmeat Blend,907 g,"$23.99
 ea.",,$2.40 /100g,,,https://product-images.metro.ca/images/h6d/h2a/10225150165022.jpg,https://www.metro.ca/en/online-grocery/search-page-538
BELLE GROVE,Organic Crimini Mushrooms,227 g,"$2.99
 ea.",,$1.32 /100g,,,https://product-images.metro.ca/images/h3a/h86/9194237231134.jpg,https://www.metro.ca/en/online-grocery/search-page-538
DUE VITTORIE,Balsamic Vinegar Of Modena,250 mL,"$19.99
 ea.",,$8.00 /100ml,,,https://product-images.metro.ca/images/h84/ha8/8932831494174.jpg,https://www.metro.ca/en/online-grocery/search-page-538
CRYSTAL LIGHT,Tea Blends Iced Tea Drink Mix,30.9 g,"$3.99
 ea.",,$12.91 /100g,"Regular price
$4.79  ea.","Valid until Jan 24, 2024",https://product-images.metro.ca/images/he5/h32/10788946280478.jpg,https://www.metro.ca/en/online-grocery/search-page-538
LE PAIN DES FLEURS,Onion Organic & Gluten Free Crispbread,150 g,"$6.99
 ea.",,$4.66 /100g,"Regular price
$8.29  ea.","Valid until Jan 24, 2024",https://product-images.metro.ca/images/hca/h95/11761463656478.jpg,https://www.metro.ca/en/online-grocery/search-page-538
IRRESISTIBLES,Fig Balsamic Vinegar Of Modena,250 mL,"$6.49
 ea.",,$2.60 /100ml,,,https://product-images.metro.ca/images/he4/ha5/9639032913950.jpg,https://www.metro.ca/en/online-grocery/search-page-538
G-U-M,Technique™ Sensitive Care Ultrasoft Toothbrush,1 un,"$2.79
 ea.",,$2.79 /un.,"Regular price
$3.19  ea.","Valid until Feb 7, 2024",https://product-images.metro.ca/images/he0/h21/9527708647454.jpg,https://www.metro.ca/en/online-grocery/search-page-538
VASELINE,Original Petroleum Jelly,100 g,"$3.49
 ea.",,$3.49 /100g,,,https://product-images.metro.ca/images/h37/hc4/11857598119966.jpg,https://www.metro.ca/en/online-grocery/search-page-538
SYSTANE,Lubricant Eye Drops,15 ml,"$14.49
 ea.",,$96.60 /100ml,,,https://product-images.metro.ca/images/h91/h95/9080838914078.jpg,https://www.metro.ca/en/online-grocery/search-page-538
FABRIZIO,Mild Sun Dried Tomato Spread,230 g,"$8.99
 ea.",,$3.91 /100g,,,https://product-images.metro.ca/images/hbb/hc4/8892144648222.jpg,https://www.metro.ca/en/online-grocery/search-page-538
KONTOS,Onion Flatbread,397 g,"$4.99
 ea.",,$1.26 /100g,,,https://product-images.metro.ca/images/haa/hc5/9760845889566.jpg,https://www.metro.ca/en/online-grocery/search-page-538
,"Bag Of Apples, Ambrosia",3 lb,"$6.99
 ea.",,$0.51 /100g,,,,https://www.metro.ca/en/online-grocery/search-page-538
BURNBRAE FARMS,"Salt And Pepper Hard Boiled Peeled Eggs, Eggs 2 Go!",84 g,"$1.99
 ea.",,$2.37 /100g,,,,https://www.metro.ca/en/online-grocery/search-page-538
RUSTICHELLA D'ABRUZZO,Bucatini Pasta,500 g,"$5.99
 ea.",,$1.20 /100g,,,https://product-images.metro.ca/images/h15/h52/8895257772062.jpg,https://www.metro.ca/en/online-grocery/search-page-538
,Chicken Breast Halves Without Back,3 per tray,"$18.49
 avg. ea.","(1,200 g avg.)",$15.41 /kg$6.99 /lb.,,,https://product-images.metro.ca/images/h6d/h88/10268564881438.jpg,https://www.metro.ca/en/online-grocery/search-page-538
DION,Couscous Seasoning,43 g,"$3.79
 ea.",,$8.81 /100g,,,https://product-images.metro.ca/images/hb6/hf3/10278135529502.jpg,https://www.metro.ca/en/online-grocery/search-page-538
INTERMIEL,Wild Flowers Honey,500 g,"$7.99
 ea.",,$1.60 /100g,,,https://product-images.metro.ca/images/h79/h7f/9554301091870.jpg,https://www.metro.ca/en/online-grocery/search-page-538
ELASTOPLAST,"Water-Resistant Plastic Plasters, Family Size",80 un,"$6.29
 ea.",,$0.08 /un.,,,https://product-images.metro.ca/images/h39/h63/10821313167390.jpg,https://www.metro.ca/en/online-grocery/search-page-538
LYSOL,"Disinfectant Power Plus™ Toilet Bowl Cleaner, Power...",940 mL,"$5.99
 ea.",,$0.64 /100ml,,,,https://www.metro.ca/en/online-grocery/search-page-538
MYSTIQUE,Espresso Romano Coffee Beans,454 g,"$14.99
 ea.",,$3.30 /100g,"Regular price
$16.49  ea.","Valid until Feb 7, 2024",https://product-images.metro.ca/images/he2/h0d/9836292014110.jpg,https://www.metro.ca/en/online-grocery/search-page-538
DOVE,"Volume Boost Conditioner, Damage Therapy",355 mL,"$6.99
 ea.",,$1.97 /100ml,,,,https://www.metro.ca/en/online-grocery/search-page-538
LA MILANAISE,Organic Regular Oat Flakes,1 kg,"$6.49
 ea.",,$0.65 /100g,,,https://product-images.metro.ca/images/h75/ha7/9836456247326.jpg,https://www.metro.ca/en/online-grocery/search-page-538
DOVE,Anti-Dandruff Gentle Clean 2 In 1 Shampoo And Condit...,355 mL,"$7.49
 ea.",,$2.11 /100ml,,,,https://www.metro.ca/en/online-grocery/search-page-538
SPEED STICK,"Sport Antiperspirant Stick, Power",85 g,"$5.99
 ea.",,$7.05 /100g,,,,https://www.metro.ca/en/online-grocery/search-page-539
CHUCK HUGHES,Spicy Antipasto,375 mL,"$5.99
 ea.",,$1.60 /100ml,"Regular price
$6.99  ea.","Valid until Jan 24, 2024",https://product-images.metro.ca/images/h59/hd4/12191699730462.jpg,https://www.metro.ca/en/online-grocery/search-page-539
STARFRIT,Scissors With Stainless Steel Blades,1 un,"$4.99
 ea.",,$4.99 /un.,,,https://product-images.metro.ca/images/h97/hde/9527213522974.jpg,https://www.metro.ca/en/online-grocery/search-page-539
INTERMIEL,Golden Creamy Clover Honey,500 g,"$8.79
 ea.",,$1.76 /100g,,,https://product-images.metro.ca/images/hc1/hdd/9280191135774.jpg,https://www.metro.ca/en/online-grocery/search-page-539
FOUR O'CLOCK,"Detox Rooibos Herbal Tea, Herbalist",20 un,"$6.99
 ea.",,$0.35 /un.,,,,https://www.metro.ca/en/online-grocery/search-page-539
COTEAU ROUGEMONT,"Sparkling Raspberry Flavoured Cider, Bulles Rosé Fra...",750 mL,"$15.29
 ea.",,$2.04 /100ml,,,,https://www.metro.ca/en/online-grocery/search-page-539
AKI SUSHI,Bamboo Sushi Rolling Mat,1 un,"$6.49
 ea.",,$6.49 /un.,,,https://product-images.metro.ca/images/hc3/h2b/9438028333086.jpg,https://www.metro.ca/en/online-grocery/search-page-539
DOVE,Original Scent Non Irritant Antiperspirant Dry Spray,107 g,"$8.99
 ea.",,$8.40 /100g,,,https://product-images.metro.ca/images/h99/h7a/12050605244446.jpg,https://www.metro.ca/en/online-grocery/search-page-539
VINCENT VARIÉTÉ,Silver Anniversary Candles,10 un,"$2.49
 ea.",,$2.49 /un.,,,https://product-images.metro.ca/images/h86/hf5/8910737113118.jpg,https://www.metro.ca/en/online-grocery/search-page-539
BIOS,Meat & Poultry Thermometer,1 un,"$6.99
 ea.",,$6.99 /un.,,,https://product-images.metro.ca/images/hf1/he1/11521264189470.jpg,https://www.metro.ca/en/online-grocery/search-page-539
DOVE,Coconut And Hydration Conditioner,355 mL,"$6.99
 ea.",,$1.97 /100ml,,,https://product-images.metro.ca/images/h3c/he4/11693763461150.jpg,https://www.metro.ca/en/online-grocery/search-page-539
THAÏ EXPRESS,Chicken With Peanuts,300 g,"$7.49
 ea.",,$2.50 /100g,"Regular price
$7.99  ea.","Valid until Jan 17, 2024",https://product-images.metro.ca/images/hb6/h1d/10040104845342.jpg,https://www.metro.ca/en/online-grocery/search-page-539
NOUVELLE ORLÉANS,Golden Italian Dressing,350 mL,"$5.99
 ea.",,$1.71 /100ml,,,https://product-images.metro.ca/images/h89/hd8/10073759678494.jpg,https://www.metro.ca/en/online-grocery/search-page-539
GAVISCON,Fruit Flavoured Soothing Liquid Antacid,340 ml,"$10.49
 ea.",,$3.09 /100ml,,,https://product-images.metro.ca/images/hfe/h98/9514272817182.jpg,https://www.metro.ca/en/online-grocery/search-page-539
METROGO!,"Italian Wedding Soup, Value Pack",,"$8.99
 ea.",,$1.12 /100ml,,,,https://www.metro.ca/en/online-grocery/search-page-539
LADY SPEED STICK,"Powder Fresh Invisible Solid Antiperspirant, Stainguard",65 g,"$5.99
 ea.",,$9.22 /100g,,,,https://www.metro.ca/en/online-grocery/search-page-539
POULAIN,Milk Chocolate Bar,95 g,"$3.49
 ea.",,$3.67 /100g,,,https://product-images.metro.ca/images/hab/h5d/9534502895646.jpg,https://www.metro.ca/en/online-grocery/search-page-539
FRESH TO GO,Fresh Cranberry Sauce,475 mL,"$4.99
 ea.",,$1.05 /100ml,"Regular price
$6.29  ea.","Valid until Jan 17, 2024",https://product-images.metro.ca/images/h41/h71/8985741688862.jpg,https://www.metro.ca/en/online-grocery/search-page-539
DION,Cinnamon Sticks,150 g,"$8.29
 ea.",,$5.53 /100g,,,https://product-images.metro.ca/images/h9b/ha2/8890238304286.jpg,https://www.metro.ca/en/online-grocery/search-page-539
IRRESISTIBLES,Mini Naan Breads,4x45 g,"2 / 
$7.00",,or $3.99 ea. $1.94 /100g,"Regular price
$4.19  ea.","Valid until Jan 10, 2024",https://product-images.metro.ca/images/hf3/h9d/9194277109790.jpg,https://www.metro.ca/en/online-grocery/search-page-539
DOMAINE LABRANCHE,Quebec Sparkling Maple Wine,750 mL,"$18.99
 ea.",,$2.53 /100ml,"Regular price
$19.99  ea.","Valid until Feb 7, 2024",https://product-images.metro.ca/images/h74/h78/8987905753118.jpg,https://www.metro.ca/en/online-grocery/search-page-539
SOLO,Plastic Cups,22 un,"$3.24
 ea.",,$0.15 /un.,"Regular price
$6.49  ea.","Valid until May 16, 2024",https://product-images.metro.ca/images/h28/hae/9515989532702.jpg,https://www.metro.ca/en/online-grocery/search-page-539
SELECTION,Drumstick Style Dog Treats,1 un,"$3.99
 ea.",,$3.99 /un.,,,https://product-images.metro.ca/images/h96/hf6/8975172829214.jpg,https://www.metro.ca/en/online-grocery/search-page-539
Ô METS CHINOIS,Chicken Imperial Rolls,4x45 g,"$5.99
 ea.",,$3.33 /100g,,,https://product-images.metro.ca/images/h6f/heb/10143896109086.jpg,https://www.metro.ca/en/online-grocery/search-page-539
DOVE,"Clean Comfort Non Irritant Antiperspirant Dry Spray,...",107 g,"$8.99
 ea.",,$8.40 /100g,,,,https://www.metro.ca/en/online-grocery/search-page-539
IRRESISTIBLES,Grated Grana Padano Riserva Cheese Aged 20 Months,,"$14.38
 avg. ea.",(240 g avg.),$59.90 /kg$27.17 /lb.,,,https://product-images.metro.ca/images/h22/h7d/10269259104286.jpg,https://www.metro.ca/en/online-grocery/search-page-539
,Frozen Tuna Kabob,112 g,"$3.99
 ea.",,$3.56 /100g,,,https://product-images.metro.ca/images/ha6/h2f/8905345957918.jpg,https://www.metro.ca/en/online-grocery/search-page-539
SIGNÉ CAMÉLINE,Camelina Oil,500 mL,"$16.99
 ea.",,$3.40 /100ml,"Regular price
$18.49  ea.","Valid until Feb 7, 2024",https://product-images.metro.ca/images/h86/hd7/10040062902302.jpg,https://www.metro.ca/en/online-grocery/search-page-539
TWISTED TEA,Original Flavoured Alcoholic Malt Iced Tea,12x355 mL - cans,"$20.99
 ea.",,$0.49 /100ml,"Regular price
$21.99  ea.","Valid until Feb 7, 2024",https://product-images.metro.ca/images/hf2/hf9/11816896102430.jpg,https://www.metro.ca/en/online-grocery/search-page-539
MYSTIQUE,Le Réveil Matin Coffee Beans,454 g,"$14.99
 ea.",,$3.30 /100g,"Regular price
$16.49  ea.","Valid until Feb 7, 2024",https://product-images.metro.ca/images/h72/hf3/9836253741086.jpg,https://www.metro.ca/en/online-grocery/search-page-539
BAND-AID,Avengers Assemble™ Assorted Sizes Bandages,20 un,"$5.29
 ea.",,$0.26 /un.,,,https://product-images.metro.ca/images/h59/h19/11642893729822.jpg,https://www.metro.ca/en/online-grocery/search-page-540
VINCENT VARIÉTÉ,Anniversary Candle With Number 6,1 un,"$2.69
 ea.",,$2.69 /un.,,,https://product-images.metro.ca/images/h62/h2b/8890336280606.jpg,https://www.metro.ca/en/online-grocery/search-page-540
CANADA DRY,Cranberry Ginger Ale,500 mL,"$2.99
 ea.",,$0.60 /100ml,,,https://product-images.metro.ca/images/hac/h68/11641401802782.jpg,https://www.metro.ca/en/online-grocery/search-page-540
ORVILLE REDENBACHER,"Simply Salted Flavoured Popping Corn, Gourmet",492 g,"$5.49
 ea.",,$1.12 /100g,"Regular price
$6.99  ea.","Valid until Jan 24, 2024",,https://www.metro.ca/en/online-grocery/search-page-540
GARNIER,"Clean And Fresh™ Fortifying Conditioner, Fructis",354 mL,"$5.99
 ea.",,$1.69 /100ml,,,,https://www.metro.ca/en/online-grocery/search-page-540
BAKER STREET,Strawberry Shortcake,7 in - 650 g,"$21.99
 ea.",,$3.38 /100g,,,https://product-images.metro.ca/images/h9c/h5d/8906664017950.jpg,https://www.metro.ca/en/online-grocery/search-page-540
777,Parboiled Long Grain Sela Basmati Rice,4.54 kg,"$21.99
 ea.",,$0.48 /100g,,,https://product-images.metro.ca/images/h33/h55/9731848011806.jpg,https://www.metro.ca/en/online-grocery/search-page-540
JOIE,Garlic Chopper,1 un,"$6.99
 ea.",,$6.99 /un.,,,https://product-images.metro.ca/images/hd2/hb2/8975134687262.jpg,https://www.metro.ca/en/online-grocery/search-page-540
BETTER THAN BOUILLON,Beef Base,227 g,"$10.99
 ea.",,$4.84 /100g,,,https://product-images.metro.ca/images/hcb/hf1/11642917453854.jpg,https://www.metro.ca/en/online-grocery/search-page-540
BIOITALIA,Organic Balsamic Vinegar Of Modena,500 mL,"$9.99
 ea.",,$2.00 /100ml,,,https://product-images.metro.ca/images/h61/h87/9836338348062.jpg,https://www.metro.ca/en/online-grocery/search-page-540
LELARGE,Whole Chestnuts,425 g,"$14.99
 ea.",,$3.53 /100g,,,https://product-images.metro.ca/images/h88/hbf/9633818476574.jpg,https://www.metro.ca/en/online-grocery/search-page-540
GILLETTE,"Moisturizing Shaving Gel, Series",198 g,"$4.79
 ea.",,$2.42 /100g,,,,https://www.metro.ca/en/online-grocery/search-page-540
BAR HARBOR,Fish Chowder,398 mL,"$6.49
 ea.",,$1.63 /100ml,,,https://product-images.metro.ca/images/hdc/h29/9508595204126.jpg,https://www.metro.ca/en/online-grocery/search-page-540
INÉWA,Kamut Grains & Raisin Sliced Bread,550 g,"$5.49
 ea.",,$1.00 /100g,"Regular price
$6.49  ea.","Valid until Feb 14, 2024",https://product-images.metro.ca/images/hac/he7/10486549676062.jpg,https://www.metro.ca/en/online-grocery/search-page-540
MERCI,Coffee And Cream Chocolate Bars,100 g,"$3.99
 ea.",,$3.56 /100g,,,https://product-images.metro.ca/images/hd6/h3a/12171829116958.jpg,https://www.metro.ca/en/online-grocery/search-page-540
STARFRIT,"Oven Safe Rectangular Glass Container, Lock&Lock",1 un - 750 mL,"$8.29
 ea.",,$8.29 /un.,,,,https://www.metro.ca/en/online-grocery/search-page-540
IRRESISTIBLES,Salted Roasted Pistachios,850 g,"$23.99
 ea.",,$2.82 /100g,"Regular price
$25.99  ea.","Valid until Jan 17, 2024",https://product-images.metro.ca/images/h47/h38/9176308351006.jpg,https://www.metro.ca/en/online-grocery/search-page-540
SELECTION,Chicken Flavoured Dry Dog Food,6 kg,"$12.99
 ea.",,$0.22 /100g,"Regular price
$13.99  ea.","Valid until Jan 24, 2024",https://product-images.metro.ca/images/h82/h49/11521315831838.jpg,https://www.metro.ca/en/online-grocery/search-page-540
CLEAN & CLEAR,Deep Action Facial Cream Cleanser,192 ml,"$11.49
 ea.",,$5.98 /100ml,,,https://product-images.metro.ca/images/h5d/hae/9521569136670.jpg,https://www.metro.ca/en/online-grocery/search-page-540
JOE BEEF,Bbq Chicken Spices,220 g,"$8.79
 ea.",,$4.00 /100g,"Regular price
$9.49  ea.","Valid until Feb 7, 2024",https://product-images.metro.ca/images/hcb/h4d/9870771585054.jpg,https://www.metro.ca/en/online-grocery/search-page-540
ZEVIA,Zero Calorie Ginger Ale,6x355 mL,"$8.79
 ea.",,$0.41 /100ml,,,https://product-images.metro.ca/images/h0c/hdb/9487667331102.jpg,https://www.metro.ca/en/online-grocery/search-page-540
ARCHIBALD,"Red Pale Ale Beer, La Chipie",12x355 mL - cans,"$23.99
 ea.",,$0.56 /100ml,,,,https://www.metro.ca/en/online-grocery/search-page-540
,Organic Lemon,Sold individually,"4 / 
$5.00",,$1.25 /un.,,,https://product-images.metro.ca/images/hd3/h3d/8874232872990.jpg,https://www.metro.ca/en/online-grocery/search-page-540
BECK'S,German Lager Beer,4x500 mL - cans,"3 / 
$35.97",,or $14.49 ea. $0.60 /100ml,"Regular price
$15.49  ea.","Valid until Feb 7, 2024",https://product-images.metro.ca/images/hd3/h6d/11541109309470.jpg,https://www.metro.ca/en/online-grocery/search-page-540
HARTZ,"Extra Small Bacon Scented Chew Toy, Chew'N Clean",1 un,"$2.99
 ea.",,$2.99 /un.,,,,https://www.metro.ca/en/online-grocery/search-page-540
DION,Unsalted Steak Spices,48 g,"$4.69
 ea.",,$9.77 /100g,,,https://product-images.metro.ca/images/h7a/h9a/10378910760990.jpg,https://www.metro.ca/en/online-grocery/search-page-540
CÔTE D'OR,Dark Chocolate 70% Cocoa Bar,100 g,"$5.99
 ea.",,$5.99 /100g,,,https://product-images.metro.ca/images/h6c/h77/8883313934366.jpg,https://www.metro.ca/en/online-grocery/search-page-540
ENFAMIL,Milk-Based Iron Fortified Infant Formula Concentrate...,12x385 mL,"$77.29
 ea.",,$1.67 /100ml,,,,https://www.metro.ca/en/online-grocery/search-page-540
SCHÄR,Gluten-Free Hot Dog Buns,228 g,"$9.99
 ea.",,$4.38 /100g,,,https://product-images.metro.ca/images/hc0/he0/10547115458590.jpg,https://www.metro.ca/en/online-grocery/search-page-540
VINCENT VARIÉTÉ,Dotted Anniversary Candle With Number 9,1 un,"$2.69
 ea.",,$2.69 /un.,,,https://product-images.metro.ca/images/hbb/hf0/8890650394654.jpg,https://www.metro.ca/en/online-grocery/search-page-540
,"Bag Of Apples, Empire",3 lb,"$6.99
 ea.",,$0.51 /100g,,,,https://www.metro.ca/en/online-grocery/search-page-541
VILLA RAVIOLI,Frozen Ricotta And Spinach Manicotti,500 g,"$9.99
 ea.",,$2.00 /100g,,"Valid until Jan 17, 2024",https://product-images.metro.ca/images/h9c/h5b/12050780782622.jpg,https://www.metro.ca/en/online-grocery/search-page-541
MAISON ORPHÉE,Organic Unrefined Sesame Oil,500 mL,"$15.99
 ea.",,$3.20 /100ml,,,https://www.metro.ca/images/shared/placeholders/icon-no-picture.svg?v=2023.71.1.d1,https://www.metro.ca/en/online-grocery/search-page-541
,"Previously Frozen Boneless Pacific Cod Fillets, Valu...",Around 2 fillets per tray,"$17.85
 avg. ea.",(450 g avg.),$39.66 /kg$17.99 /lb.,,,,https://www.metro.ca/en/online-grocery/search-page-541
FREDDO,"Sea Salt 70% Dark Chocolate, Thin",100 g,"$4.99
 ea.",,$4.99 /100g,,,,https://www.metro.ca/en/online-grocery/search-page-541
VEGA,Natural Flavoured Plant-Based Drink Mix All-In-One,862 g,"$69.99
 ea.",,$8.12 /100g,,,https://product-images.metro.ca/images/hfb/hb4/12050803851294.jpg,https://www.metro.ca/en/online-grocery/search-page-541
AGGA COFFEE,Kenya Nespresso® Coffee Pods,10 un,"$6.99
 ea.",,$0.70 /un.,,,https://product-images.metro.ca/images/h58/h6a/12050915360798.jpg,https://www.metro.ca/en/online-grocery/search-page-541
LAVAZZA,Deccafeinated Espresso Coffee Beans,500 g,"$14.49
 ea.",,$2.90 /100g,"Regular price
$18.49  ea.","Valid until Feb 7, 2024",https://product-images.metro.ca/images/h08/hfb/9158539542558.jpg,https://www.metro.ca/en/online-grocery/search-page-541
NAIR,Face & Bikini Wax Ready-Strips,40 un,"$13.49
 ea.",,$0.34 /un.,,,https://product-images.metro.ca/images/h56/h26/12050588893214.jpg,https://www.metro.ca/en/online-grocery/search-page-541
DIVACUP,Model 2 Menstrual Cup,1 un,"$34.99
 ea.",,$34.99 /un.,,,https://product-images.metro.ca/images/h43/h32/11386240204830.jpg,https://www.metro.ca/en/online-grocery/search-page-541
CLUB HOUSE,"Montreal Chicken Seasoning, La Grille",675 g,"$17.99
 ea.",,$2.67 /100g,,,,https://www.metro.ca/en/online-grocery/search-page-541
COLGATE,"Clean Mint Toothpaste, Total",70 mL,"$2.69
 ea.",,$3.84 /100ml,,,,https://www.metro.ca/en/online-grocery/search-page-541
DION,Organic Ground Turmeric,31 g,"$4.99
 ea.",,$16.10 /100g,,,https://product-images.metro.ca/images/hd4/hbc/10354867306526.jpg,https://www.metro.ca/en/online-grocery/search-page-541
NIVEA,Waterproof Eye Make-Up Remover,125 ml,"$9.79
 ea.",,$7.83 /100ml,,,https://product-images.metro.ca/images/h8c/h8b/10841441927198.jpg,https://www.metro.ca/en/online-grocery/search-page-541
CLIF BAR,"Chocolate Mint Flavoured Protein Bars, Builder'S",12x68 g,"$29.79
 ea.",,$3.65 /100g,,,,https://www.metro.ca/en/online-grocery/search-page-541
CIDRERIE ST-NICOLAS,"Sparkling Cider, Pom'Or Tradition",750 mL,"$12.99
 ea.",,$1.73 /100ml,"Regular price
$13.99  ea.","Valid until Jan 17, 2024",,https://www.metro.ca/en/online-grocery/search-page-541
COCA-COLA,Zero Sugar Cherry Flavoured Soft Drink,500 mL,"$2.99
 ea.",,$0.60 /100ml,,,https://product-images.metro.ca/images/hb9/h16/11386228441118.jpg,https://www.metro.ca/en/online-grocery/search-page-541
PERSONNELLE,Regular Flow Ultra Thin Pads With Wings,18 un,"$3.99
 ea.",,$0.22 /un.,,,https://product-images.metro.ca/images/h10/h57/9519905374238.jpg,https://www.metro.ca/en/online-grocery/search-page-541
CIDRERIE ST-NICOLAS,Sparkling Apple Must,750 mL,"$9.99
 ea.",,$1.33 /100ml,,,https://product-images.metro.ca/images/hbd/hf5/8812018335774.jpg,https://www.metro.ca/en/online-grocery/search-page-541
ROCKSTAR,Original Flavoured Energy Drink Pack,4x473 mL,"$8.99
 ea.",,$0.48 /100ml,"Regular price
$10.99  ea.","Valid until Jan 10, 2024",https://product-images.metro.ca/images/hc0/h67/9999298428958.jpg,https://www.metro.ca/en/online-grocery/search-page-541
BAND-AID,Assorted Comfort-Flex® Plastic Bandages,80 un,"$8.99
 ea.",,$0.11 /un.,,,https://product-images.metro.ca/images/h5e/hcc/9973548417054.jpg,https://www.metro.ca/en/online-grocery/search-page-541
,Cinnamon Basil In A Pot,1 un,"$5.99
 ea.",,$5.99 /un.,,,https://product-images.metro.ca/images/h9b/hb9/9916395520030.jpg,https://www.metro.ca/en/online-grocery/search-page-541
CANADA DRY,Blackberry Ginger Ale,12x355 mL,"$6.98
 ea.",,$0.16 /100ml,"Regular price
$7.99  ea.","Valid until Jan 10, 2024",https://product-images.metro.ca/images/h96/h46/11641397968926.jpg,https://www.metro.ca/en/online-grocery/search-page-541
METROGO!,Smoked Salmon Half Bagel,1 un,"$3.99
 ea.",,$4.69 /100g,,,https://product-images.metro.ca/images/h6a/h41/12216213307422.jpg,https://www.metro.ca/en/online-grocery/search-page-541
DOVE,"Amplifier Mousse, Style+Care",198 g,"$7.79
 ea.",,$3.93 /100g,,,,https://www.metro.ca/en/online-grocery/search-page-541
TRUDEAU,Expandable Wine Stopper,1 un,"$4.99
 ea.",,$4.99 /un.,,,https://product-images.metro.ca/images/h0f/h3a/9106916540446.jpg,https://www.metro.ca/en/online-grocery/search-page-541
,Frozen Maple And Alder Wood Smoked Salmon Pieces,,"$6.61
 / 100 g",,$66.12 /kg$29.99 /lb.,,,https://product-images.metro.ca/images/hb5/hc2/8886358245406.jpg,https://www.metro.ca/en/online-grocery/search-page-541
CHEVALIER,Honey Wine,375 mL,"$13.49
 ea.",,$3.60 /100ml,,,https://product-images.metro.ca/images/hc7/hb3/8975939469342.jpg,https://www.metro.ca/en/online-grocery/search-page-541
ELASTOPLAST,Assorted Extra Flexible Fabric Plasters,40 un,"$5.29
 ea.",,$0.13 /un.,,,https://product-images.metro.ca/images/h3b/hbf/10821276401694.jpg,https://www.metro.ca/en/online-grocery/search-page-541
SMART SWEETS,Berry Sweet Fish™,50 g,"$4.49
 ea.",,$8.98 /100g,,,https://product-images.metro.ca/images/hea/h0e/12191772278814.jpg,https://www.metro.ca/en/online-grocery/search-page-541
VILLA RAVIOLI,Frozen Braised Veal Cannelloni,500 g,"$9.99
 ea.",,$2.00 /100g,,"Valid until Jan 17, 2024",https://product-images.metro.ca/images/h68/hb5/12050630049822.jpg,https://www.metro.ca/en/online-grocery/search-page-542
TROJAN,Ultra-Ribbed Latex Condoms With Ultra Smooth Lubricant,10 un,"$13.99
 ea.",,$1.40 /un.,,,https://product-images.metro.ca/images/hb3/h61/11570772508702.jpg,https://www.metro.ca/en/online-grocery/search-page-542
LE VENEZIANE,Gluten Free Corn Penne,250 mL,"$4.69
 ea.",,$1.88 /100g,,,https://product-images.metro.ca/images/h40/hfa/8855588110366.jpg,https://www.metro.ca/en/online-grocery/search-page-542
PERSONNELLE,Gentle Mint Enamel Strenghtening Anti-Cavity Toothpaste,75 mL,"$4.79
 ea.",,$6.39 /100ml,,,https://product-images.metro.ca/images/h4f/h5a/9179271692318.jpg,https://www.metro.ca/en/online-grocery/search-page-542
,Frozen Spiny Lobster Tail,,"$8.49
 ea.",(105 ea. avg.),$8.09 /100g,,,https://product-images.metro.ca/images/hc1/hfa/10497149141022.jpg,https://www.metro.ca/en/online-grocery/search-page-542
QUALI DESSERTS,Frozen Chocolate Coffee Cake,7 in by 5 in - 450 g,"$12.49
 ea.",,$2.78 /100g,,,https://product-images.metro.ca/images/h2c/hd6/8906604183582.jpg,https://www.metro.ca/en/online-grocery/search-page-542
LES CAPRICES D'ANTAN,"Rhubarb, Apple And Strawberry Spread",300 mL,"$6.49
 ea.",,$2.16 /100ml,,,https://product-images.metro.ca/images/hce/h8d/11590642925598.jpg,https://www.metro.ca/en/online-grocery/search-page-542
BIC,"Disposable Razors, Soleil",4 un,"$7.79
 ea.",,$194.75 /100un.,,,,https://www.metro.ca/en/online-grocery/search-page-542
MICROBRASSERIE NOUVELLE-FRANCE,"Gluten-Free Light Lager Beer, La Messagère Au Millet",6x341 mL - bottles,"$13.49
 ea.",,$0.66 /100ml,,,,https://www.metro.ca/en/online-grocery/search-page-542
GOLOSINI,Mixed Mushrooms,314 mL,"$7.49
 ea.",,$2.39 /100ml,,,https://product-images.metro.ca/images/hde/hfc/8855401365534.jpg,https://www.metro.ca/en/online-grocery/search-page-542
STARFRIT,Double Blade Peeler,1 un,"$4.49
 ea.",,$4.49 /un.,,,https://product-images.metro.ca/images/h5f/h7c/9081575047198.jpg,https://www.metro.ca/en/online-grocery/search-page-542
IRRESISTIBLES,Mixed Nuts And Peanuts,908 g,"$14.99
 ea.",,$1.65 /100g,,,https://product-images.metro.ca/images/h28/hc6/9131785650206.jpg,https://www.metro.ca/en/online-grocery/search-page-542
COLAVITA,Extra Virgin Olive Oil,3 L,"$64.99
 ea.",,$2.17 /100ml,,,https://product-images.metro.ca/images/he2/h2b/9858092236830.jpg,https://www.metro.ca/en/online-grocery/search-page-542
VIGNOBLE D'OKA,"Quebec Red Wine, Mystère",750 mL,"$15.99
 ea.",,$2.13 /100ml,,,,https://www.metro.ca/en/online-grocery/search-page-542
INTERMIEL,Golden Creamy Clover Honey,250 g,"$5.29
 ea.",,$2.12 /100g,,,https://product-images.metro.ca/images/h57/hc2/9280192938014.jpg,https://www.metro.ca/en/online-grocery/search-page-542
INTERMIEL,Raspeberry Blossom Golden Liquid Honey,500 g,"$8.79
 ea.",,$1.76 /100g,,,https://product-images.metro.ca/images/h1b/hcd/9280200310814.jpg,https://www.metro.ca/en/online-grocery/search-page-542
VINCENT VARIÉTÉ,Anniversary Candle With Number 8,1 un,"$2.69
 ea.",,$2.69 /un.,,,https://product-images.metro.ca/images/hf1/hfd/8891187920926.jpg,https://www.metro.ca/en/online-grocery/search-page-542
STARFRIT,Silicone Spatula,1 un,"$4.49
 ea.",,$4.49 /un.,,,https://product-images.metro.ca/images/hf6/hd2/9081614172190.jpg,https://www.metro.ca/en/online-grocery/search-page-542
LACTANTIA,3% Vanilla Milkshake,460 mL,"$3.19
 ea.",,$0.69 /100ml,,,https://product-images.metro.ca/images/h8e/h93/9527886381086.jpg,https://www.metro.ca/en/online-grocery/search-page-542
GOLOSINI,Grilled Artichokes,314 mL,"$8.49
 ea.",,$2.70 /100ml,,,https://product-images.metro.ca/images/h16/hdc/8917479718942.jpg,https://www.metro.ca/en/online-grocery/search-page-542
DUHAIME,"Date, Crab Apple & Roasted Cumin Spread For Cheese",60 mL,"$4.29
 ea.",,$7.15 /100ml,,,https://product-images.metro.ca/images/h41/h52/9533282910238.jpg,https://www.metro.ca/en/online-grocery/search-page-542
GARNO,Grill Diced Bacon And Lard Rinds Seasoning,240 g,"$5.99
 ea.",,$2.50 /100g,,,https://product-images.metro.ca/images/hf5/h28/10727342243870.jpg,https://www.metro.ca/en/online-grocery/search-page-542
PETIT NAVIRE,Nature Steamed Mackerel Fillet,110 g,"$6.29
 ea.",,$5.72 /100g,,,https://www.metro.ca/images/shared/placeholders/icon-no-picture.svg?v=2023.71.1.d1,https://www.metro.ca/en/online-grocery/search-page-542
ALPEN SECRETS,Moisturizing Goat Milk Body Wash With Added Almond Oil,500 ml,"$3.99
 ea.",,$0.80 /100ml,,,https://product-images.metro.ca/images/hd8/h29/11332985159710.jpg,https://www.metro.ca/en/online-grocery/search-page-542
SIGNATURE,Honey Wine,750 mL,"$21.99
 ea.",,$2.93 /100ml,,,https://product-images.metro.ca/images/h0e/h48/10268280979486.jpg,https://www.metro.ca/en/online-grocery/search-page-542
CEDAR,Black Glutinos Rice,907 g,"$6.49
 ea.",,$0.72 /100g,"Regular price
$7.99  ea.","Valid until Jan 24, 2024",https://product-images.metro.ca/images/hfc/h80/8896303661086.jpg,https://www.metro.ca/en/online-grocery/search-page-542
FAVUZZI,Spaghetti,500 g,"$5.99
 ea.",,$1.20 /100g,,,https://product-images.metro.ca/images/h68/h41/10188644024350.jpg,https://www.metro.ca/en/online-grocery/search-page-542
ALIMENT ROSE HILL INC.,BBQ Sauce Mix,250 g,"$2.49
 ea.",,$1.00 /100g,,,https://product-images.metro.ca/images/hee/h15/10475432804382.jpg,https://www.metro.ca/en/online-grocery/search-page-542
BALATTI,Crushed Garlic In Oil,110 g,"$4.99
 ea.",,$4.54 /100g,,,https://product-images.metro.ca/images/h89/hca/11511585603614.jpg,https://www.metro.ca/en/online-grocery/search-page-542
,Mini Organic Carrots,454 g,"$2.49
 ea.",,$0.55 /100g,"Regular price
$2.99  ea.","Valid until Jan 10, 2024",https://product-images.metro.ca/images/hd5/hf3/8898183397406.jpg,https://www.metro.ca/en/online-grocery/search-page-542
VINCENT VARIÉTÉ,Anniversary Candle With Number 7,1 un,"$2.69
 ea.",,$2.69 /un.,,,https://product-images.metro.ca/images/hd1/hf2/8891104100382.jpg,https://www.metro.ca/en/online-grocery/search-page-543
METROGO!,Ham And Cheese Salad,,"$6.99
 ea.",,$2.18 /100g,,,https://product-images.metro.ca/images/h44/haa/8837248876574.jpg,https://www.metro.ca/en/online-grocery/search-page-543
LE VENEZIANE,Gluten Free Corn Eliche,250 mL,"$4.69
 ea.",,$1.88 /100g,,,https://product-images.metro.ca/images/h58/h82/8853291106334.jpg,https://www.metro.ca/en/online-grocery/search-page-543
ARCHIBALD,"Blonde Ale Beer, La Matante",12x355 mL - cans,"$23.99
 ea.",,$0.56 /100ml,,,,https://www.metro.ca/en/online-grocery/search-page-543
ROLAIDS,Mint Flavoured Extra Strength Antacid Calcium And Ma...,96 un,"$4.99
 ea.",,$0.05 /un.,,,,https://www.metro.ca/en/online-grocery/search-page-543
,Organic Strawberries,454 g,"$6.99
 ea.",,$1.54 /100g,"Regular price
$9.99  ea.","Valid until Jan 10, 2024",https://product-images.metro.ca/images/hc5/hd4/10406086639646.jpg,https://www.metro.ca/en/online-grocery/search-page-543
SELECTION,"Beef Flavoured Dry Dog Food, Proteine 1",14 kg,"$28.99
 ea.",,$0.21 /100g,,,,https://www.metro.ca/en/online-grocery/search-page-543
MERIT,Boston Cream Cake With Fruits,950 g,"$22.49
 ea.",,$2.37 /100g,,,https://www.metro.ca/images/shared/placeholders/icon-no-picture.svg?v=2023.71.1.d1,https://www.metro.ca/en/online-grocery/search-page-543
STARFRIT,"Oven Safe Rectangular Glass Container, Lock&Lock",1 un - 1 L,"$11.49
 ea.",,$11.49 /un.,,,,https://www.metro.ca/en/online-grocery/search-page-543
IRRESISTIBLES,Honey Glazed Peanuts,550 g,"$9.99
 ea.",,$1.82 /100g,"Regular price
$10.99  ea.","Valid until Jan 10, 2024",https://product-images.metro.ca/images/h19/h09/9099093442590.jpg,https://www.metro.ca/en/online-grocery/search-page-543
,Brown Fresh Figs,1 case,"$12.99
 ea.",,$12.99 /un.,,,https://product-images.metro.ca/images/hdb/hf6/11521327104030.jpg,https://www.metro.ca/en/online-grocery/search-page-543
COLGATE,"Sensitive Pro-Relief™ Ultra Soft Toothbrush, 360°",1 un,"$6.79
 ea.",,$6.79 /un.,,,,https://www.metro.ca/en/online-grocery/search-page-543
INTERMIEL,Golden Rod Amber Liquid Honey,500 g,"$7.99
 ea.",,$1.60 /100g,,,https://product-images.metro.ca/images/h8f/h3c/9280196706334.jpg,https://www.metro.ca/en/online-grocery/search-page-543
OMBRA,Eucalyptus Aromatic Foam Bath,500 ml,"$11.49
 ea.",,$2.30 /100ml,,,https://product-images.metro.ca/images/h02/h0c/11829765931038.jpg,https://www.metro.ca/en/online-grocery/search-page-543
ELASTOPLAST,Knee And Elbow Fabric Bandages,10 un,"$5.29
 ea.",,$0.53 /un.,,,https://product-images.metro.ca/images/h50/hc3/12122085785630.jpg,https://www.metro.ca/en/online-grocery/search-page-543
METROGO!,Traditionally Smoked Salmon Farfalle Salad,,"$4.18
 avg. ea.",(190 g avg.),$22.02 /kg$9.99 /lb.,,,https://product-images.metro.ca/images/h3d/hd0/10170941145118.jpg,https://www.metro.ca/en/online-grocery/search-page-543
,6" Celebration Cake,640 g,"$20.99
 ea.",,$3.28 /100g,,,,https://www.metro.ca/en/online-grocery/search-page-543
IRRESISTIBLES,Praline Peanuts,550 g,"$9.99
 ea.",,$1.82 /100g,"Regular price
$10.99  ea.","Valid until Jan 10, 2024",https://product-images.metro.ca/images/ha1/hea/9099108089886.jpg,https://www.metro.ca/en/online-grocery/search-page-543
RED BULL,Sugar Free Energy Drink,8x250 mL,"$20.99
 ea.",,,,,https://product-images.metro.ca/images/ha9/he4/9932960530462.jpg,https://www.metro.ca/en/online-grocery/search-page-543
LAMBERT SYRUP,Genuine Formula Cough Syrup,250 mL,"$13.99
 ea.",,$5.60 /100ml,,,https://product-images.metro.ca/images/h5a/h75/10792010842142.jpg,https://www.metro.ca/en/online-grocery/search-page-543
ELASTOPLAST,Assorted Plastic And Fabric Bandages,80 un,"$6.29
 ea.",,$0.08 /un.,,,https://product-images.metro.ca/images/h64/h3b/10821311692830.jpg,https://www.metro.ca/en/online-grocery/search-page-543
SUBLIME,Brownie Cream Puff Cake,900 g,"$24.99
 ea.",,$2.63 /100g,,,https://product-images.metro.ca/images/h61/h6d/8861876322334.jpg,https://www.metro.ca/en/online-grocery/search-page-543
BOOST,"Chocolate Flavoured Meal Replacement Shakes, Protein+",4x325 ml,"$14.99
 ea.",,$1.15 /100ml,"Regular price
$17.99  ea.","Valid until Feb 7, 2024",,https://www.metro.ca/en/online-grocery/search-page-543
FABRIZIO,Spicy Sun Dried Tomato Spread,230 g,"$8.99
 ea.",,$3.91 /100g,,,https://product-images.metro.ca/images/h1f/h11/8892208676894.jpg,https://www.metro.ca/en/online-grocery/search-page-543
SMIRNOFF,"White Sangria, Encore",473 mL - can,"$3.99
 ea.",,$0.84 /100ml,,,,https://www.metro.ca/en/online-grocery/search-page-543
SUN BUTTER,Sunflower Spread,454 g,"$7.99
 ea.",,$1.76 /100g,"Regular price
$9.99  ea.","Valid until Feb 7, 2024",https://product-images.metro.ca/images/h1d/h0e/10278114787358.jpg,https://www.metro.ca/en/online-grocery/search-page-543
FÉLIX & NORTON,"Frozen Ménage À Trois® White, Milk And Dark Chocolat...",500 g,"$9.49
 ea.",,$1.90 /100g,,,,https://www.metro.ca/en/online-grocery/search-page-543
KALIKORI,Extra Virgin Olive Oil,500 mL,"$21.99
 ea.",,$4.40 /100ml,,,https://product-images.metro.ca/images/h9b/hc2/11386202652702.jpg,https://www.metro.ca/en/online-grocery/search-page-543
,Avocados,2 kg,"$9.99
 ea.",,$0.50 /100g,,,https://product-images.metro.ca/images/hab/h0d/10387606601758.jpg,https://www.metro.ca/en/online-grocery/search-page-543
CHEF NASSIM,Basmati Rice,10 lb,"$23.49
 ea.",,$0.52 /100g,,,https://product-images.metro.ca/images/hf9/h97/8896301826078.jpg,https://www.metro.ca/en/online-grocery/search-page-543
LES CAPRICES D'ANTAN,Low In Sugar Orange Marmelade,300 mL,"$6.49
 ea.",,$2.16 /100ml,,,https://product-images.metro.ca/images/h94/h24/11590753386526.jpg,https://www.metro.ca/en/online-grocery/search-page-544
SPECTRO,Fragrance Free Combination Skin Cleanser,500 ml,"$15.79
 ea.",,$3.16 /100ml,,,https://product-images.metro.ca/images/h00/hd0/9521632575518.jpg,https://www.metro.ca/en/online-grocery/search-page-544
ONE DEGREE ORGANIC FOODS,Veganic Sprouted Brown Rice Cacao Crisps,282 g,"$5.99
 ea.",,$2.11 /100g,"Regular price
$6.99  ea.","Valid until Feb 7, 2024",https://product-images.metro.ca/images/hc9/hcd/9802684497950.jpg,https://www.metro.ca/en/online-grocery/search-page-544
MICHEL JODOIN,"Rosé Cider, Le Bonheur Est Dans Le Verger",750 mL,"$10.99
 ea.",,$1.47 /100ml,"Regular price
$11.99  ea.","Valid until Feb 7, 2024",,https://www.metro.ca/en/online-grocery/search-page-544
LOTUS FOODS,Millet And Brown Rice Ramen,80 g,"$3.99
 ea.",,$4.99 /100g,,,https://product-images.metro.ca/images/h0c/h59/11642939342878.jpg,https://www.metro.ca/en/online-grocery/search-page-544
FAVUZZI,Puttanesca Style Tomato Sauce,480 mL,"$7.99
 ea.",,$1.66 /100ml,,,https://product-images.metro.ca/images/he2/h66/9533179854878.jpg,https://www.metro.ca/en/online-grocery/search-page-544
METROGO!,Spinach Salad,,"$6.99
 ea.",,$2.33 /100g,,,https://product-images.metro.ca/images/h96/h6b/9006338736158.jpg,https://www.metro.ca/en/online-grocery/search-page-544
JAMIESON,Turmeric,30x9000mg - vegetarian capsules,"$26.99
 ea.",,$89.97 /100un.,,,https://product-images.metro.ca/images/h86/h7c/9142215311390.jpg,https://www.metro.ca/en/online-grocery/search-page-544
CEDAR,Stuffed Eggplants,390 g,"$3.99
 ea.",,$1.02 /100g,,,https://product-images.metro.ca/images/hfd/h83/9719543463966.jpg,https://www.metro.ca/en/online-grocery/search-page-544
DOVE,"Unscented Extra Strong Hold Hairspray, Style+Care",198 g,"$7.79
 ea.",,$3.93 /100g,,,,https://www.metro.ca/en/online-grocery/search-page-544
CHAPMAN'S,Lactose Free Vanilla Ice Cream Sandwiches,6x120 mL,"$6.29
 ea.",,$0.87 /100ml,"Regular price
$6.99  ea.","Valid until Feb 14, 2024",https://product-images.metro.ca/images/ha8/hbd/10378859642910.jpg,https://www.metro.ca/en/online-grocery/search-page-544
VILEDA,Lint Roller Refill,1 un,"$4.99
 ea.",,$4.99 /un.,,,https://product-images.metro.ca/images/hf6/hf7/8809988947998.jpg,https://www.metro.ca/en/online-grocery/search-page-544
Ô METS CHINOIS,"Vegetable Imperial Rolls, Viet-Roll",4x45 g,"$5.99
 ea.",,$3.33 /100g,,,,https://www.metro.ca/en/online-grocery/search-page-544
STARFRIT,"Oven Safe Square Glass Container, Lock&Lock","1 un, 750 mL","$8.79
 ea.",,$8.79 /un.,,,,https://www.metro.ca/en/online-grocery/search-page-544
VINCENT VARIÉTÉ,Anniversary Candle With Number 0,1 un,"$2.69
 ea.",,$2.69 /un.,,,https://product-images.metro.ca/images/h37/h5c/8891136868382.jpg,https://www.metro.ca/en/online-grocery/search-page-544
DION,Garlic Salt,170 g,"$3.29
 ea.",,$1.94 /100g,"Regular price
$4.49  ea.","Valid until Feb 7, 2024",https://product-images.metro.ca/images/hbe/h0d/10378904961054.jpg,https://www.metro.ca/en/online-grocery/search-page-544
BETTER THAN BOUILLON,Vegetable Base,227 g,"$10.99
 ea.",,$4.84 /100g,,,https://product-images.metro.ca/images/h8c/h06/11642924793886.jpg,https://www.metro.ca/en/online-grocery/search-page-544
,Organic Kiwis,1 lb,"$5.99
 ea.",,$1.32 /100g,,,https://product-images.metro.ca/images/h35/ha7/10424154095646.jpg,https://www.metro.ca/en/online-grocery/search-page-544
LOTUS FOODS,Jade Pearl Rice Ramen,80 g,"$3.99
 ea.",,$4.99 /100g,,,https://product-images.metro.ca/images/h6c/hcb/12122162757662.jpg,https://www.metro.ca/en/online-grocery/search-page-544
DOVE,Revival Pomegranate And Lemon Verbena Scented Condit...,355 mL,"$6.99
 ea.",,$1.97 /100ml,,,,https://www.metro.ca/en/online-grocery/search-page-544
SOFTSOAP,Soothing Aloe Vera Moisturizing Hand Soap,221 mL,"$2.79
 ea.",,$1.26 /100ml,,,https://product-images.metro.ca/images/h41/h21/10913243103262.jpg,https://www.metro.ca/en/online-grocery/search-page-544
DION,Organic Ground Cinnamon,30 g,"$3.29
 ea.",,$10.97 /100g,,,https://product-images.metro.ca/images/h13/h96/10344164294686.jpg,https://www.metro.ca/en/online-grocery/search-page-544
STARFRIT,"Rectangle Plastic Container, Lock&Lock","1 un, 180 ml","$3.29
 ea.",,$3.29 /un.,,,,https://www.metro.ca/en/online-grocery/search-page-544
CEDAR,Pickled Peeled Garlic,500 mL,"$9.29
 ea.",,$1.86 /100ml,,,https://product-images.metro.ca/images/h5a/hb7/9719646879774.jpg,https://www.metro.ca/en/online-grocery/search-page-544
PATIENCE FRUIT & CO,Organic Dry Wild Blueberries Sweetened With Apple Juice,85 g,"$5.49
 ea.",,$6.46 /100g,"Regular price
$5.99  ea.","Valid until Jan 10, 2024",https://product-images.metro.ca/images/hf4/hf4/9409889665054.jpg,https://www.metro.ca/en/online-grocery/search-page-544
MAPLE LODGE FARMS,"Chicken Bologna, Halal",375 g,"$4.49
 ea.",,$1.20 /100g,,,,https://www.metro.ca/en/online-grocery/search-page-544
DOVE,"Fresh Stain Defense Antiperspirant Dry Spray, Men+Care",107 g,"$8.99
 ea.",,$8.40 /100g,,,,https://www.metro.ca/en/online-grocery/search-page-544
ZEVIA,Zero Calorie Soft Drink,6x355 mL,"$8.79
 ea.",,$0.41 /100ml,,,https://product-images.metro.ca/images/hc5/hf9/11761460346910.jpg,https://www.metro.ca/en/online-grocery/search-page-544
SPECTRO,Fragrance Free Dry Skin Cleanser,500 ml,"$15.79
 ea.",,$3.16 /100ml,,,https://product-images.metro.ca/images/h64/he8/9521590665246.jpg,https://www.metro.ca/en/online-grocery/search-page-544
L'ORÉAL KIDS,Cool Melon Extra Gentle 2-In-1 Shampoo,265 ml,"$6.99
 ea.",,$2.64 /100ml,,,https://product-images.metro.ca/images/h86/hf3/9527559258142.jpg,https://www.metro.ca/en/online-grocery/search-page-544
PERSONNELLE,Almond And Meringue Scented Foam Bath,1 L,"$3.99
 ea.",,$0.40 /100ml,"Regular price
$4.99  ea.","Valid until Feb 7, 2024",https://product-images.metro.ca/images/h97/h77/9104885481502.jpg,https://www.metro.ca/en/online-grocery/search-page-545
NATREL,Mango Flavoured Ice Cream Mochi,6x35 mL,"$6.79
 ea.",,$3.23 /100ml,,,https://product-images.metro.ca/images/hc4/h5a/9742526283806.jpg,https://www.metro.ca/en/online-grocery/search-page-545
DION,Dill Seeds,30 g,"$3.19
 ea.",,$7.42 /100g,,,https://product-images.metro.ca/images/hee/h04/10250255073310.jpg,https://www.metro.ca/en/online-grocery/search-page-545
TRESEMMÉ,"Curls Defining Mousse, Flawless Curls",298 g,"$7.29
 ea.",,$2.45 /100g,,,,https://www.metro.ca/en/online-grocery/search-page-545
L'ORÉAL,Fibralogy™ Conditioner For Hair Lacking Thickness,385 ml,"$6.99
 ea.",,$1.82 /100ml,,,https://product-images.metro.ca/images/h81/h46/9526094626846.jpg,https://www.metro.ca/en/online-grocery/search-page-545
METROGO!,"Cut Vegetable Mix, La Marmite",425 g,"$4.99
 ea.",,$1.17 /100g,,,,https://www.metro.ca/en/online-grocery/search-page-545
POMME DE COEUR,Liquoreux Cider,375 mL,"$12.49
 ea.",,$3.33 /100ml,,,https://product-images.metro.ca/images/h14/hd0/9526303227934.jpg,https://www.metro.ca/en/online-grocery/search-page-545
COLGATE,"Mint Whitening Toothpaste, MaxFresh",52 ml,"$2.19
 ea.",,$4.21 /100ml,,,,https://www.metro.ca/en/online-grocery/search-page-545
DION,Organic Ground Cumin,31 g,"$5.29
 ea.",,$17.06 /100g,,,https://product-images.metro.ca/images/h86/h6e/10378890412062.jpg,https://www.metro.ca/en/online-grocery/search-page-545
SCHWEPPES,Cranberry Raspberry Ginger Ale,2 L,"2 / 
$6.00",,$0.15 /100ml,"Regular price
$3.49  ea.","Valid until Jan 24, 2024",https://product-images.metro.ca/images/hec/hb2/9515424546846.jpg,https://www.metro.ca/en/online-grocery/search-page-545
MELT,Organic Buttery Sticks,454 g,"$6.49
 ea.",,$1.43 /100g,"Regular price
$7.99  ea.","Valid until Feb 14, 2024",https://product-images.metro.ca/images/hd1/hc9/10486558687262.jpg,https://www.metro.ca/en/online-grocery/search-page-545
COLGATE,"Medium 4 Zone™ Toothbrush, 360°",1 un,"$7.99
 ea.",,$7.99 /un.,,,,https://www.metro.ca/en/online-grocery/search-page-545
LA COSTEÑA,Whole Tomatillos,820 mL,"$7.49
 ea.",,$0.91 /100ml,,,https://product-images.metro.ca/images/h29/hb1/11849353887774.jpg,https://www.metro.ca/en/online-grocery/search-page-545
SMIRNOFF,"Red Sangria, Encore",473 mL - can,"$3.99
 ea.",,$0.84 /100ml,,,,https://www.metro.ca/en/online-grocery/search-page-545
ONE DEGREE ORGANIC FOODS,Veganic Sprouted Brown Rice Crisps,227 g,"$5.99
 ea.",,$2.64 /100g,"Regular price
$6.99  ea.","Valid until Feb 7, 2024",https://product-images.metro.ca/images/h21/h50/9802680762398.jpg,https://www.metro.ca/en/online-grocery/search-page-545
HARTZ,"Flea And Tick Collar For Cat And Kittens, Ultra Guard",1 un,"$5.79
 ea.",,$5.79 /un.,,,,https://www.metro.ca/en/online-grocery/search-page-545
MESTEMACHER,Organic Three Grain Bread,500 g,"$6.49
 ea.",,$1.30 /100g,,,https://product-images.metro.ca/images/h25/hfd/9531190083614.jpg,https://www.metro.ca/en/online-grocery/search-page-545
ZINCOFAX,Original Baby Ointment,130 g,"$8.99
 ea.",,$6.92 /100g,,,https://product-images.metro.ca/images/h4c/hcd/11449485099038.jpg,https://www.metro.ca/en/online-grocery/search-page-545
MYSTIQUE,Nicaragua Segovia Coffee Beans,454 g,"$14.99
 ea.",,$3.30 /100g,"Regular price
$16.49  ea.","Valid until Feb 7, 2024",https://product-images.metro.ca/images/h1a/hb6/9910140239902.jpg,https://www.metro.ca/en/online-grocery/search-page-545
BALATTI,Gluten Free Coriander In Oil,110 g,"$5.99
 ea.",,$5.45 /100g,,,https://product-images.metro.ca/images/h2b/h23/8958288789534.jpg,https://www.metro.ca/en/online-grocery/search-page-545
L'ORÉAL,Oil Free Gentle Eye Makeup Remover,120 mL,"$9.99
 ea.",,$8.32 /100ml,,,https://product-images.metro.ca/images/hf1/hf6/11627039129630.jpg,https://www.metro.ca/en/online-grocery/search-page-545
ALBERTO EUROPEAN,Extra Hold Styling Gel,200 mL,"$5.49
 ea.",,$2.75 /100ml,,,https://product-images.metro.ca/images/h31/h1d/11133431676958.jpg,https://www.metro.ca/en/online-grocery/search-page-545
LABONTÉ,Pickled Eggs,6 un,"$5.09
 ea.",,$0.85 /un.,,,https://product-images.metro.ca/images/hbf/hc3/8849235378206.jpg,https://www.metro.ca/en/online-grocery/search-page-545
PERSONNELLE,Raspbery Sorbet Scented Bubble Bath,1 L,"$3.99
 ea.",,$0.40 /100ml,"Regular price
$4.99  ea.","Valid until Feb 7, 2024",https://product-images.metro.ca/images/h78/hcf/9179525840926.jpg,https://www.metro.ca/en/online-grocery/search-page-545
GARNIER,Color Shield™ Fortifying Conditioner For Colour-Trea...,354 mL,"$5.99
 ea.",,$1.69 /100ml,,,,https://www.metro.ca/en/online-grocery/search-page-545
CEDAR,Pindjur Roasted Red Peppers Spread,500 mL,"$5.79
 ea.",,$1.16 /100ml,,,https://product-images.metro.ca/images/h48/h1c/9522379653150.jpg,https://www.metro.ca/en/online-grocery/search-page-545
PERSONNELLE,Mint Enamel Strenghtening Anti-Cavity Toothpaste,75 mL,"$4.79
 ea.",,$6.39 /100ml,,,https://product-images.metro.ca/images/h16/he7/9243864956958.jpg,https://www.metro.ca/en/online-grocery/search-page-545
MADEGOOD,Chocolate Chip Granola Bites,100 g,"$4.49
 ea.",,$4.49 /100g,"Regular price
$4.99  ea.","Valid until Feb 7, 2024",https://product-images.metro.ca/images/h46/h14/11696057647134.jpg,https://www.metro.ca/en/online-grocery/search-page-545
EL-MA-MIA,"Seasoning For Lasagna Meat Sauce, Express",120 g,"2 / 
$8.50",,$3.54 /100g,"Regular price
$4.99  ea.","Valid until Feb 7, 2024",,https://www.metro.ca/en/online-grocery/search-page-545
BIOITALIA,Organic Basil Extra Virgin Olive Oil,250 mL,"$10.49
 ea.",,$4.20 /100ml,,,https://product-images.metro.ca/images/h6c/hce/11883382407198.jpg,https://www.metro.ca/en/online-grocery/search-page-545
,Organic Medjool Dates,340 g,"$9.99
 ea.",,$2.94 /100g,,,https://product-images.metro.ca/images/h49/h37/10767250030622.jpg,https://www.metro.ca/en/online-grocery/search-page-546
STARFRIT,Silicone Funnel Kit,1 un,"$5.99
 ea.",,$5.99 /un.,,,https://product-images.metro.ca/images/hbe/h1c/9183215910942.jpg,https://www.metro.ca/en/online-grocery/search-page-546
,Washed Red Potatoes,10 lb,"$4.99
 ea.",,$0.11 /100g,"Regular price
$6.99  ea.","Valid until Jan 10, 2024",https://product-images.metro.ca/images/hec/hd4/8894240817182.jpg,https://www.metro.ca/en/online-grocery/search-page-546
COLGATE,"Medium Toothbrush, 360°",1 un,"$3.99
 ea.",,$3.99 /un.,"Regular price
$5.49  ea.","Valid until Feb 7, 2024",,https://www.metro.ca/en/online-grocery/search-page-546
NIVEA,"Sensitive Skin Cooling Shave Gel, Men",198 g,"$5.99
 ea.",,$3.03 /100g,,,,https://www.metro.ca/en/online-grocery/search-page-546
BRÛLERIES FARO,Organic Italian Expresso Medium Roasted Coffee Beans,300 g,"$13.99
 ea.",,$4.66 /100g,,,https://product-images.metro.ca/images/hdc/h42/9189273075742.jpg,https://www.metro.ca/en/online-grocery/search-page-546
LOCK&LOCK,1.3 L Pickle Jar,1 un,"$8.99
 ea.",,$8.99 /un.,,,https://product-images.metro.ca/images/hc8/h25/9527582916638.jpg,https://www.metro.ca/en/online-grocery/search-page-546
BLANCAT NATUR,Dealcoholized Spanish Red Wine,750 mL,"$12.49
 ea.",,$1.67 /100ml,,,https://product-images.metro.ca/images/hf7/h25/9836496617502.jpg,https://www.metro.ca/en/online-grocery/search-page-546
SPECTRO,"Sensitive And Problem Prone Skin Cleanser, Jel",200 ml,"$8.49
 ea.",,$4.25 /100ml,,,,https://www.metro.ca/en/online-grocery/search-page-546
O,California White Balsamic Vinegar,300 mL,"$20.99
 ea.",,$7.00 /100ml,,,https://product-images.metro.ca/images/h13/h89/9530741817374.jpg,https://www.metro.ca/en/online-grocery/search-page-546
ELASTOPLAST,Assorted Fabric Plasters,50 un,"$5.29
 ea.",,$0.11 /un.,,,https://product-images.metro.ca/images/h53/h9a/10821313527838.jpg,https://www.metro.ca/en/online-grocery/search-page-546
PLATINUM,AAA Platinum Angus Beef Wing Steak,1 per tray,"$29.75
 avg. ea.",,$59.50 /kg$26.99 /lb.,,,https://product-images.metro.ca/images/hfc/h97/10071020371998.jpg,https://www.metro.ca/en/online-grocery/search-page-546
SPEED STICK,Original Irish Spring Scented Deodorant Stick,76 g,"$5.99
 ea.",,$7.88 /100g,,,https://product-images.metro.ca/images/he2/h1f/11574109536286.jpg,https://www.metro.ca/en/online-grocery/search-page-546
CLIF BAR,"Organic Peanut Butter Flavoured Energy Bars, Nut Butter",12x50 g,"$24.99
 ea.",,$4.17 /100g,"Regular price
$31.99  ea.","Valid until Feb 7, 2024",,https://www.metro.ca/en/online-grocery/search-page-546
GARNIER,"Avocado Oil & Shea Butter Nourishing Conditioner, Wh...",370 ml,"$6.49
 ea.",,$1.75 /100ml,,,,https://www.metro.ca/en/online-grocery/search-page-546
SARDO,Organic Kalamata Olives,375 mL,"$4.99
 ea.",,$1.33 /100ml,"Regular price
$5.99  ea.","Valid until Jan 24, 2024",https://www.metro.ca/images/shared/placeholders/icon-no-picture.svg?v=2023.71.1.d1,https://www.metro.ca/en/online-grocery/search-page-546
ÉRABEILLE ARTISAN,"Dijon, Herbes De Provence And Garlic Flowers",250 mL,"$5.99
 ea.",,$2.40 /100ml,"Regular price
$6.99  ea.","Valid until Jan 24, 2024",https://product-images.metro.ca/images/h23/hf8/8961415315486.jpg,https://www.metro.ca/en/online-grocery/search-page-546
NORTH HATLEY,Maple Syrup Popcorn,125 g,"$3.49
 ea.",,$2.79 /100g,,,https://product-images.metro.ca/images/h88/h67/8924140503070.jpg,https://www.metro.ca/en/online-grocery/search-page-546
GEM GEM,Just Ginger Ginger Candy,99.22 g,"$4.49
 ea.",,$4.49 /100g,,,https://product-images.metro.ca/images/h14/h66/10143903416350.jpg,https://www.metro.ca/en/online-grocery/search-page-546
BLANCAT NATUR,Dealcoholized Spanish White Wine,750 mL,"$12.49
 ea.",,$1.67 /100ml,,,https://product-images.metro.ca/images/ha8/h30/9836496224286.jpg,https://www.metro.ca/en/online-grocery/search-page-546
L'ORÉAL,"Design™ Extra Strong Hold Finishing Spray, Studio Line",300 ml,"$7.99
 ea.",,$2.66 /100ml,,,,https://www.metro.ca/en/online-grocery/search-page-546
RAINCOAST TRADING,Solid White Albacore Tuna,150 g,"$7.99
 ea.",,$5.33 /100g,,,https://product-images.metro.ca/images/hc0/hef/10170574733342.jpg,https://www.metro.ca/en/online-grocery/search-page-546
DOVE,"Active Fresh Body Wash, Men+Care",400 ml,"$6.49
 ea.",,$1.62 /100ml,,,,https://www.metro.ca/en/online-grocery/search-page-546
DION,Thinly Sliced Onion,78 g,"$4.49
 ea.",,$5.76 /100g,,,https://product-images.metro.ca/images/h5c/h29/10378941988894.jpg,https://www.metro.ca/en/online-grocery/search-page-546
COLGATE,Soft Toothbrushes Value Pack,4 un,"$5.99
 ea.",,$149.75 /100un.,,,https://product-images.metro.ca/images/hf3/hb3/11511698391070.jpg,https://www.metro.ca/en/online-grocery/search-page-546
BIOITALIA,"Organic Lemon Extra Virgin Olive Oil, LimonOlio",250 mL,"$10.49
 ea.",,$4.20 /100ml,,,,https://www.metro.ca/en/online-grocery/search-page-546
LES CAPRICES D'ANTAN,Raspberry And Apple Flavoured Spread,300 mL,"$7.49
 ea.",,$2.50 /100ml,,,https://product-images.metro.ca/images/hcd/hfe/11590766559262.jpg,https://www.metro.ca/en/online-grocery/search-page-546
DUHAIME,"Lemon, Bourbon Vanilla & Black Pepper Spread For Cheese",60 mL,"$4.29
 ea.",,$7.15 /100ml,,,https://product-images.metro.ca/images/h9e/hff/9533186179102.jpg,https://www.metro.ca/en/online-grocery/search-page-546
PERSONNELLE,Goat'S Milk Foam Bath,1 L,"$3.99
 ea.",,$0.40 /100ml,"Regular price
$4.99  ea.","Valid until Feb 7, 2024",https://product-images.metro.ca/images/h4d/h6b/9104857366558.jpg,https://www.metro.ca/en/online-grocery/search-page-546
GARNIER,Sleek And Shine™ Fortifying Conditioner For Frizzy D...,354 mL,"$5.99
 ea.",,$1.69 /100ml,,,,https://www.metro.ca/en/online-grocery/search-page-546
,Canadian Boneless Lamb Leg,,"$22.04
 avg. ea.",(500 g avg.),$44.07 /kg$19.99 /lb.,,,https://product-images.metro.ca/images/h5a/h88/9007073689630.jpg,https://www.metro.ca/en/online-grocery/search-page-547
SWIFFER,"Multi-Surface Mopping Kit, WetJet",1 un,"$30.99
 ea.",,$30.99 /un.,"Regular price
$35.99  ea.","Valid until Feb 7, 2024",,https://www.metro.ca/en/online-grocery/search-page-547
SPEED STICK,Original Irish Spring Scented Deodorant Stick,85 g,"$5.99
 ea.",,$7.05 /100g,,,https://product-images.metro.ca/images/had/hc6/11574044360734.jpg,https://www.metro.ca/en/online-grocery/search-page-547
SELECTION,Fragrance-Free Liquid Laundry Detergent,40 loads - 1.8 L,"$4.49
 ea.",,$0.11 /load,"Regular price
$5.49  ea.","Valid until Feb 7, 2024",https://product-images.metro.ca/images/h8d/h27/11521358659614.jpg,https://www.metro.ca/en/online-grocery/search-page-547
COLGATE,360°™ Soft Toothbrush,1 un,"$3.99
 ea.",,$3.99 /un.,"Regular price
$5.49  ea.","Valid until Feb 7, 2024",https://product-images.metro.ca/images/hca/h4e/11735005986846.jpg,https://www.metro.ca/en/online-grocery/search-page-547
BIOITALIA,Organic Pesto Sauce With Tomatoes,160 mL,"$9.99
 ea.",,$6.24 /100ml,,,https://product-images.metro.ca/images/h8b/h34/9836186566686.jpg,https://www.metro.ca/en/online-grocery/search-page-547
SARDO,Organic Pitted Olives,375 mL,"$4.99
 ea.",,$1.33 /100ml,"Regular price
$5.99  ea.","Valid until Jan 24, 2024",https://www.metro.ca/images/shared/placeholders/icon-no-picture.svg?v=2023.71.1.d1,https://www.metro.ca/en/online-grocery/search-page-547
L'ORÉAL,"Dream Sengths Shampoo, Hair Expertise",385 ml,"$6.99
 ea.",,$1.82 /100ml,,,,https://www.metro.ca/en/online-grocery/search-page-547
GARNIER,"Argan Oil & Cranberry Colour Care Conditioner, Whole...",370 ml,"$6.49
 ea.",,$1.75 /100ml,,,,https://www.metro.ca/en/online-grocery/search-page-547
JUNGLEMAX,5'' Beef Twisted Stick Dog Treats,4 un,"$7.49
 ea.",,$1.87 /un.,,,https://product-images.metro.ca/images/h4e/h8d/10109288939550.jpg,https://www.metro.ca/en/online-grocery/search-page-547
ÉMILE NOËL,Organic Virgin Canola Oil,1 L,"$17.99
 ea.",,$1.80 /100ml,,,https://product-images.metro.ca/images/hb9/hdf/9836410634270.jpg,https://www.metro.ca/en/online-grocery/search-page-547
FIELD ROAST,Garlic And Fennel Italian Vegan Sausages,368 g,"$8.99
 ea.",,$2.44 /100g,,,https://product-images.metro.ca/images/h84/ha1/12083905003550.jpg,https://www.metro.ca/en/online-grocery/search-page-547
KOUKLA DELIGHTS,Cacao Coconut Bites,120 g,"$9.99
 ea.",,$8.32 /100g,,,https://product-images.metro.ca/images/h89/h61/10778648805406.jpg,https://www.metro.ca/en/online-grocery/search-page-547
SECRET,Lavender Scented Anterperspirant Gel,73 g,"$8.99
 ea.",,$12.32 /100g,,,https://product-images.metro.ca/images/h43/h1d/11511630594078.jpg,https://www.metro.ca/en/online-grocery/search-page-547
MESTEMACHER,Organic Rye Bread,500 g,"$6.49
 ea.",,$1.30 /100g,,,https://product-images.metro.ca/images/h68/h36/12018755534878.jpg,https://www.metro.ca/en/online-grocery/search-page-547
FLINTSTONES,Chewable Multivitamin Tablets With Extra C,60 un,"$9.99
 ea.",,$0.17 /un.,,,https://product-images.metro.ca/images/h97/h92/12354334916638.jpg,https://www.metro.ca/en/online-grocery/search-page-547
MUTTI,Cherry Tomatoes,398 mL,"$3.19
 ea.",,$0.80 /100ml,"Regular price
$3.69  ea.","Valid until Jan 24, 2024",https://product-images.metro.ca/images/hbd/hd4/10893972176926.jpg,https://www.metro.ca/en/online-grocery/search-page-547
JUNGLEMAX,5'' Munchy Twisted Stick Dog Treats,8 un,"$6.49
 ea.",,$6.49 /un.,,,https://product-images.metro.ca/images/h17/hd5/8912010149918.jpg,https://www.metro.ca/en/online-grocery/search-page-547
SECRET,Cool Waterlily Clear Gel Anterperspirant And Deodora...,73 g,"$8.99
 ea.",,$12.32 /100g,,,,https://www.metro.ca/en/online-grocery/search-page-547
CUCINA ANTICA,Spicy Arrabbiata Cooking Sauce,670 mL,"$8.49
 ea.",,$1.27 /100ml,,,https://product-images.metro.ca/images/h4f/h9b/9530302201886.jpg,https://www.metro.ca/en/online-grocery/search-page-547
,Organic Blackberries,170 g,"$5.99
 ea.",,$3.52 /100g,,,https://product-images.metro.ca/images/h66/h5f/9335908270110.jpg,https://www.metro.ca/en/online-grocery/search-page-547
AMIRAL BREWERY,Strong Gin Ale Beer,473 mL - can,"$4.99
 ea.",,$1.05 /100ml,,,https://product-images.metro.ca/images/hba/h49/9145665814558.jpg,https://www.metro.ca/en/online-grocery/search-page-547
JOE BEEF,Barbecue Rub Spices,200 g,"$8.79
 ea.",,$4.40 /100g,"Regular price
$9.49  ea.","Valid until Feb 7, 2024",https://product-images.metro.ca/images/h9d/h47/9523586596894.jpg,https://www.metro.ca/en/online-grocery/search-page-547
CEDAR,Stuffed Cabbage,375 g,"$4.69
 ea.",,$1.25 /100g,,,https://product-images.metro.ca/images/hae/h66/8853092139038.jpg,https://www.metro.ca/en/online-grocery/search-page-547
CEDAR,Eggplant Dip Babaghanouge,370 g,"$4.49
 ea.",,$1.21 /100g,,,https://product-images.metro.ca/images/h22/hc3/11590620676126.jpg,https://www.metro.ca/en/online-grocery/search-page-547
GOGO QUINOA,Organic Gluten Free Rice And Quinoa Anelli Pastas,227 g,"$4.69
 ea.",,$2.07 /100g,,,https://product-images.metro.ca/images/h61/hd3/9859625517086.jpg,https://www.metro.ca/en/online-grocery/search-page-547
VINCENT VARIÉTÉ,Anniversary Candle With Number 9,1 un,"$2.69
 ea.",,$2.69 /un.,,,https://product-images.metro.ca/images/h74/he6/8890415972382.jpg,https://www.metro.ca/en/online-grocery/search-page-547
STARFRIT,"Rectangle Plastic Container, Lock&Lock","1 un, 1 L","$6.29
 ea.",,$6.29 /un.,,,,https://www.metro.ca/en/online-grocery/search-page-547
HUGGIES,"Disposable Swin Diapers, Size 4, Little Swimmers",11 un,"$14.99
 ea.",,$1.36 /un.,,,,https://www.metro.ca/en/online-grocery/search-page-547
CEDAR,Ajvar Hot Vegetable Spread,500 mL,"$4.99
 ea.",,$1.00 /100ml,,,https://product-images.metro.ca/images/hdc/h3e/11590653837342.jpg,https://www.metro.ca/en/online-grocery/search-page-547
STARFRIT,Round Container With Lid,"1 un, 2.1 L","$8.49
 ea.",,$8.49 /un.,,,https://product-images.metro.ca/images/h78/h4c/8987787460638.jpg,https://www.metro.ca/en/online-grocery/search-page-548
NATREL,Maple Flavoured Lactose Free Ice Cream,473 mL,"$5.29
 ea.",,$1.12 /100ml,,,https://product-images.metro.ca/images/h25/h81/9187227369502.jpg,https://www.metro.ca/en/online-grocery/search-page-548
FINISH,Dishwasher Cleaner In Lozenges,3 un,"$10.99
 ea.",,$3.66 /un.,"Regular price
$12.29  ea.","Valid until Feb 7, 2024",https://product-images.metro.ca/images/h75/hba/11614548131870.jpg,https://www.metro.ca/en/online-grocery/search-page-548
LE GLACIER BILBOQUET,Vanilla Ice Cream,500 mL,"$4.99
 ea.",,$1.00 /100ml,"Regular price
$6.49  ea.","Valid until Feb 14, 2024",https://product-images.metro.ca/images/h74/hf4/9894808944670.jpg,https://www.metro.ca/en/online-grocery/search-page-548
MINUTE MAID,Fruit Punch Flavoured Beverage,8x200 mL,"$4.79
 ea.",,$0.30 /100ml,,,https://product-images.metro.ca/images/h96/h35/11493088231454.jpg,https://www.metro.ca/en/online-grocery/search-page-548
ÉRABEILLE ARTISAN,Dried Tomatoes With Balsamic Vinegar & Olive Oil Sauce,250 mL,"$5.99
 ea.",,$2.40 /100ml,"Regular price
$6.99  ea.","Valid until Jan 24, 2024",https://product-images.metro.ca/images/h17/hac/8953162367006.jpg,https://www.metro.ca/en/online-grocery/search-page-548
NAIR,Hair Removal Lotion For Sensitive Skin,175 mL,"$6.79
 ea.",,$3.88 /100ml,,,https://product-images.metro.ca/images/h14/hb7/12018705661982.jpg,https://www.metro.ca/en/online-grocery/search-page-548
MILK BONE,"Daily Dental Dog Treats For Small Dogs, Brushing Chews",201 g,"$5.49
 ea.",,$2.73 /100g,,,,https://www.metro.ca/en/online-grocery/search-page-548
ÎLE-AUX-GRUES,Classic Cheddar Cheese,150 g,"$8.29
 ea.",,$5.53 /100g,,,https://product-images.metro.ca/images/h75/hef/9823808258078.jpg,https://www.metro.ca/en/online-grocery/search-page-548
GAVISCON,Icy Mint Flavoured Soothing Liquid Antacid,340 ml,"$10.49
 ea.",,$3.09 /100ml,,,https://product-images.metro.ca/images/hc4/hfb/9514274258974.jpg,https://www.metro.ca/en/online-grocery/search-page-548
CEDAR,Mild Ajvar Vegetable Spread,500 mL,"$5.49
 ea.",,$1.10 /100ml,,,https://product-images.metro.ca/images/h7f/h7c/10232262033438.jpg,https://www.metro.ca/en/online-grocery/search-page-548
INTERMIEL,Dark Buckwheat Honey,500 g,"$9.79
 ea.",,$1.96 /100g,,,https://product-images.metro.ca/images/h66/hdc/9280198541342.jpg,https://www.metro.ca/en/online-grocery/search-page-548
MICROBRASSERIE NOUVELLE-FRANCE,"Gluten-Free Berry Ale Beer, La Messagère",6x341 mL - bottles,"$13.49
 ea.",,$0.66 /100ml,,,,https://www.metro.ca/en/online-grocery/search-page-548
JUNGLEMAX,5" Pressed Rolls,6 un,"$8.99
 ea.",,$8.99 /un.,,,,https://www.metro.ca/en/online-grocery/search-page-548
COCA-COLA,Soft Drink Made In Mexico,4x355 mL,"$8.49
 ea.",,$0.60 /100ml,,,https://product-images.metro.ca/images/hf4/h6a/12174978351134.jpg,https://www.metro.ca/en/online-grocery/search-page-548
,"Beef Striploin Steaks, Value Pack",3 steaks per tray,"$35.05
 avg. ea.",(837 g avg.),$41.87 /kg$18.99 /lb.,,,https://product-images.metro.ca/images/h98/h24/10129774313502.jpg,https://www.metro.ca/en/online-grocery/search-page-548
FENIX,Colored Flame Candles,6 un,"$2.99
 ea.",,$2.99 /un.,,,https://product-images.metro.ca/images/hdc/h72/8903591559198.jpg,https://www.metro.ca/en/online-grocery/search-page-548
FOUR O'CLOCK,Organic Caffeine Free Rooibos Chai Tea,32 un,"$4.49
 ea.",,$0.28 /un.,"Regular price
$5.29  ea.","Valid until Feb 7, 2024",https://product-images.metro.ca/images/hea/h91/12018759663646.jpg,https://www.metro.ca/en/online-grocery/search-page-548
DION,Organic Herbes De Provence,16 g,"$4.99
 ea.",,$31.19 /100g,,,https://product-images.metro.ca/images/h37/h81/10319459254302.jpg,https://www.metro.ca/en/online-grocery/search-page-548
DOMAINE LABRANCHE,Quebec Red Wine,750 mL,"$15.99
 ea.",,$2.13 /100ml,,,https://product-images.metro.ca/images/h0e/hec/8990450155550.jpg,https://www.metro.ca/en/online-grocery/search-page-548
L'ORÉAL,"Dream Lengths Conditioner, Hair Expertise",385 ml,"$6.99
 ea.",,$1.82 /100ml,,,,https://www.metro.ca/en/online-grocery/search-page-548
TRESEMMÉ,Clean And Natural Hydrating Shampoo,828 mL,"$7.49
 ea.",,$0.90 /100ml,,,https://product-images.metro.ca/images/hee/h64/11538261671966.jpg,https://www.metro.ca/en/online-grocery/search-page-548
ONE DEGREE ORGANIC FOODS,Honey Hemp Sprouted Oat Granola,312 g,"$7.99
 ea.",,$2.56 /100g,,,https://product-images.metro.ca/images/h3b/hc0/10918245072926.jpg,https://www.metro.ca/en/online-grocery/search-page-548
MESTEMACHER,Organic Sunflower Seed Rye Bread,500 g,"$6.49
 ea.",,$1.30 /100g,,,https://product-images.metro.ca/images/hcb/h2c/12018751733790.jpg,https://www.metro.ca/en/online-grocery/search-page-548
,"Tenderized Steaks, Value Pack",2 steaks per tray,"$15.20
 avg. ea.",(600 g avg.),$25.33 /kg$11.49 /lb.,,,https://product-images.metro.ca/images/h49/h43/9200155492382.jpg,https://www.metro.ca/en/online-grocery/search-page-548
LAKEWOOD,Organic Carrot Juice,946 mL,"$10.49
 ea.",,$1.11 /100ml,,,https://product-images.metro.ca/images/hac/h5c/11679610634270.jpg,https://www.metro.ca/en/online-grocery/search-page-548
PERSONNELLE,Classic Dandruff Shampoo,420 mL,"$4.29
 ea.",,$1.02 /100ml,"Regular price
$5.99  ea.","Valid until Jan 10, 2024",https://product-images.metro.ca/images/hab/hda/9730820079646.jpg,https://www.metro.ca/en/online-grocery/search-page-548
VINCENT VARIÉTÉ,Musical Candle,1 un,"$5.99
 ea.",,$5.99 /un.,,,https://product-images.metro.ca/images/h92/h01/8890683490334.jpg,https://www.metro.ca/en/online-grocery/search-page-548
QUALI DESSERTS,Frozen Chocolate Mousse Cake,7 in - 575 g,"$19.99
 ea.",,$3.81 /100g,,,https://product-images.metro.ca/images/hd6/hc8/8860917858334.jpg,https://www.metro.ca/en/online-grocery/search-page-548
STARFRIT,"Oven Safe Rectangular Glass Container, Lock&Lock","1 un, 380 ml","$6.99
 ea.",,$6.99 /un.,,,,https://www.metro.ca/en/online-grocery/search-page-548
FRISKIES,"Chicken Cat Treats, Party Mix",170 g,"2 / 
$5.50",,$1.62 /100g,"Regular price
$3.99  ea.","Valid until Jan 24, 2024",,https://www.metro.ca/en/online-grocery/search-page-549
PÂTE 2000,Pesto Thin Square Pizza Crusts,580 g,"$7.99
 ea.",,$1.38 /100g,,,https://product-images.metro.ca/images/h6e/h9f/9910610133022.jpg,https://www.metro.ca/en/online-grocery/search-page-549
ÉRABEILLE ARTISAN,Green Apples & Cranberries Sauce,250 mL,"$5.99
 ea.",,$2.40 /100ml,"Regular price
$6.99  ea.","Valid until Jan 24, 2024",https://product-images.metro.ca/images/h29/h12/8953166495774.jpg,https://www.metro.ca/en/online-grocery/search-page-549
STARFRIT,Mini Turner,1 un,"$3.29
 ea.",,$3.29 /un.,,,https://product-images.metro.ca/images/hff/hed/9081498697758.jpg,https://www.metro.ca/en/online-grocery/search-page-549
DION,Sliced Onion,60 g,"$3.99
 ea.",,$6.65 /100g,,,https://product-images.metro.ca/images/hfd/h7b/10378919936030.jpg,https://www.metro.ca/en/online-grocery/search-page-549
IRRESISTIBLES,Fresh Lemon Balm,10 g,"$2.99
 ea.",,$14.24 /100g,,,https://product-images.metro.ca/images/h5a/h1a/8964253646878.jpg,https://www.metro.ca/en/online-grocery/search-page-549
JOIE,Citrus Peeler,1 un,"$2.99
 ea.",,$2.99 /un.,,,https://product-images.metro.ca/images/hea/hcc/8987470626846.jpg,https://www.metro.ca/en/online-grocery/search-page-549
FARNHAM ALE & LAGER,Scotch Ale Beer,473 mL,"$4.99
 ea.",,$1.05 /100ml,,,https://product-images.metro.ca/images/h8e/h23/10529726169118.jpg,https://www.metro.ca/en/online-grocery/search-page-549
VIGNOBLE DE LA BAUGE,"Quebec Rosé Wine, Douce-Heure",750 mL,"$14.69
 ea.",,$1.96 /100ml,,,,https://www.metro.ca/en/online-grocery/search-page-549
AKI SUSHI,All-Cooked Sushi Platter,40 Pieces,"$49.99
 ea.",,$49.99 /un.,,,https://product-images.metro.ca/images/hfa/hfe/11195836104734.jpg,https://www.metro.ca/en/online-grocery/search-page-549
CIDRERIE ST-NICOLAS,Iced Orchard™ Iced Cider,375 mL,"$17.99
 ea.",,$4.80 /100ml,"Regular price
$22.99  ea.","Valid until Jan 17, 2024",https://product-images.metro.ca/images/he1/h3f/8811924881438.jpg,https://www.metro.ca/en/online-grocery/search-page-549
,Boston Cream And Berry Cake,915 g,"$22.49
 ea.",,$2.46 /100g,,,https://product-images.metro.ca/images/h39/h7c/8957415981086.jpg,https://www.metro.ca/en/online-grocery/search-page-549
MICROBRASSERIE À LA FÛT,"Session IPA Beer, P'Tite Cocotte",473 mL,"$4.99
 ea.",,$1.05 /100ml,"Regular price
$5.49  ea.","Valid until Feb 7, 2024",,https://www.metro.ca/en/online-grocery/search-page-549
ONE DEGREE ORGANIC FOODS,Vanila Chia Sprouted Oat Granola,312 g,"$7.99
 ea.",,$2.56 /100g,,,https://product-images.metro.ca/images/h2e/he1/10918246678558.jpg,https://www.metro.ca/en/online-grocery/search-page-549
STARFRIT,Peeler,1 un,"$6.99
 ea.",,$6.99 /un.,,,https://product-images.metro.ca/images/h4c/hc1/9081610207262.jpg,https://www.metro.ca/en/online-grocery/search-page-549
ONE DEGREE ORGANIC FOODS,Gluten Free Cacao Quinoa And Sprouted Oat Granola,312 g,"$7.99
 ea.",,$2.56 /100g,,,https://product-images.metro.ca/images/haf/hdc/10918246875166.jpg,https://www.metro.ca/en/online-grocery/search-page-549
,Washed Russet Potatoes,10 lb,"$4.99
 ea.",,$4.99 /un.,"Regular price
$6.99  ea.","Valid until Jan 10, 2024",https://product-images.metro.ca/images/h60/haa/8894277910558.jpg,https://www.metro.ca/en/online-grocery/search-page-549
PERSONNELLE,Mint Antibacterial Daily Denture Cleanser,108 un,"$6.99
 ea.",,$0.06 /un.,,,https://product-images.metro.ca/images/h2f/hb8/11251006308382.jpg,https://www.metro.ca/en/online-grocery/search-page-549
FAVUZZI,Penne,500 g,"$5.99
 ea.",,$1.20 /100g,,,https://product-images.metro.ca/images/hbb/h59/9533794713630.jpg,https://www.metro.ca/en/online-grocery/search-page-549
MYSTIQUE,Organic Sumatra Ground Coffee,300 g,"$12.99
 ea.",,$4.33 /100g,,,https://product-images.metro.ca/images/h2a/h06/10020641079326.jpg,https://www.metro.ca/en/online-grocery/search-page-549
MILK BONE,"Daily Dental Dog Treats For Medium Dogs, Brushing Chews",267 g,"$5.49
 ea.",,$2.06 /100g,,,,https://www.metro.ca/en/online-grocery/search-page-549
CAFÉ WILLIAM,Ciao Bella Medium Roast K-Cup® Coffee Pods,60 un,"$32.99
 ea.",,$0.55 /un.,,,https://product-images.metro.ca/images/h15/h74/10300131246110.jpg,https://www.metro.ca/en/online-grocery/search-page-549
CEDAR,Stuffed Zucchini,400 g,"$3.99
 ea.",,$1.02 /100g,,,https://product-images.metro.ca/images/hb3/h85/11590611828766.jpg,https://www.metro.ca/en/online-grocery/search-page-549
,"Previously Frozen Boneless Turbot Fillet, Value Pack...",Around 3 fillets per tray,"$17.85
 avg. ea.",(450 g avg.),$39.66 /kg$17.99 /lb.,,,,https://www.metro.ca/en/online-grocery/search-page-549
NEAL BROTHERS,Organic Basil And Tomato Pasta Sauce,680 mL,"$8.79
 ea.",,$1.29 /100ml,,,https://product-images.metro.ca/images/h10/h20/9519507275806.jpg,https://www.metro.ca/en/online-grocery/search-page-549
SELSUN BLUE,Anti-Dandruff 2 In 1 Conditioning Shampoo,300 ml,"$9.59
 ea.",,$3.20 /100ml,,,https://product-images.metro.ca/images/ha8/h20/8802160869406.jpg,https://www.metro.ca/en/online-grocery/search-page-549
DION,Organic Ground Ginger,28 g,"$3.29
 ea.",,$11.75 /100g,,,https://product-images.metro.ca/images/h93/hb1/10344181268510.jpg,https://www.metro.ca/en/online-grocery/search-page-549
NORTH HATLEY,Maple Cookies,400 g,"$5.99
 ea.",,$1.50 /100g,,,https://product-images.metro.ca/images/h2e/he1/8924304474142.jpg,https://www.metro.ca/en/online-grocery/search-page-549
FÉLIX & NORTON,Frozen Love Pure Milk Chocolate Cookie Dough,500 g,"$9.49
 ea.",,$1.90 /100g,,,https://product-images.metro.ca/images/h71/h8a/9530895466526.jpg,https://www.metro.ca/en/online-grocery/search-page-549
DOSE,Taxi Organic Fruit Juice,300 mL,"$5.99
 ea.",,$2.00 /100ml,,,https://product-images.metro.ca/images/h34/h90/11754131652638.jpg,https://www.metro.ca/en/online-grocery/search-page-549
SELSUN BLUE,Anti-Dandruff Shampoo For Normal-Oily Hair,300 ml,"$9.59
 ea.",,$3.20 /100ml,,,https://product-images.metro.ca/images/h75/hf8/8803984015390.jpg,https://www.metro.ca/en/online-grocery/search-page-550
STARFRIT,Vegetable Steamer,1 un,"$9.99
 ea.",,$9.99 /un.,,,https://product-images.metro.ca/images/h0c/h48/9719529996318.jpg,https://www.metro.ca/en/online-grocery/search-page-550
AURORA,Hot Cherry Pepper Pickled,750 mL,"$4.69
 ea.",,$0.63 /100ml,,,https://product-images.metro.ca/images/hb6/h77/8975200354334.jpg,https://www.metro.ca/en/online-grocery/search-page-550
ARM & HAMMER,"Pro Whitening Soft Powered Toothbrush, Spinbrush",1 un,"$12.49
 ea.",,$12.49 /un.,,,,https://www.metro.ca/en/online-grocery/search-page-550
COLGATE,"Whitening Gel Toothpaste, Total",120 ml,"$3.99
 ea.",,$3.32 /100ml,"Regular price
$4.99  ea.","Valid until Feb 7, 2024",,https://www.metro.ca/en/online-grocery/search-page-550
JUNGLEMAX,5" White Twisted Stick Dog Treats,50 un,"$11.49
 ea.",,$11.49 /un.,,,,https://www.metro.ca/en/online-grocery/search-page-550
PRANA,Figs,250 g,"$8.49
 ea.",,$3.40 /100g,,,https://product-images.metro.ca/images/h06/hcc/9502826889246.jpg,https://www.metro.ca/en/online-grocery/search-page-550
MAYNARDS,Gummy Bears Candy,64 g,"$1.49
 ea.",,$2.48 /100g,,,https://product-images.metro.ca/images/hff/hc8/9679447130142.jpg,https://www.metro.ca/en/online-grocery/search-page-550
STARFRIT,"Oven Safe Rectangular Glass Container, Lock&Lock",1 un - 1.7 L,"$15.49
 ea.",,$15.49 /un.,,,,https://www.metro.ca/en/online-grocery/search-page-550
DION,Organic Savory,16 g,"$4.99
 ea.",,$31.19 /100g,,,https://product-images.metro.ca/images/hd3/h8f/10344207220766.jpg,https://www.metro.ca/en/online-grocery/search-page-550
STARFRIT,Paring Knives,4 un,"$13.19
 ea.",,$13.19 /un.,,,https://product-images.metro.ca/images/h35/h7b/9527145922590.jpg,https://www.metro.ca/en/online-grocery/search-page-550
PASSION D'ICI,Maple Pear Spread,212 mL,"$6.99
 ea.",,$3.30 /100ml,,,https://product-images.metro.ca/images/hdf/hb9/9871610085406.jpg,https://www.metro.ca/en/online-grocery/search-page-550
BALATTI,Gluten Free Tomato Pesto,270 g,"$9.99
 ea.",,$3.70 /100g,,,https://product-images.metro.ca/images/h29/hfe/10073634701342.jpg,https://www.metro.ca/en/online-grocery/search-page-550
FIELD ROAST,Smoked Apple And Sage Plant-Based Sausages,368 g,"$8.99
 ea.",,$2.44 /100g,,,https://product-images.metro.ca/images/h17/h74/12191700516894.jpg,https://www.metro.ca/en/online-grocery/search-page-550
DOSE,Cactus Organic Green Juice,300 mL,"$5.99
 ea.",,$2.00 /100ml,,,https://product-images.metro.ca/images/h64/h7b/11754132504606.jpg,https://www.metro.ca/en/online-grocery/search-page-550
IRRESISTIBLES,Fresh Sorrel,1 bunch,"$2.99
 ea.",,$2.99 /un.,,,https://product-images.metro.ca/images/hc6/hbb/8959519817758.jpg,https://www.metro.ca/en/online-grocery/search-page-550
ALLESSIA,Cherry Tomatoes Marinade,200 mL,"$5.79
 ea.",,$2.90 /100ml,,,https://product-images.metro.ca/images/h8e/h17/8855947182110.jpg,https://www.metro.ca/en/online-grocery/search-page-550
SAINT-ARNOULD MICROBREWERY,"Belgian Dubbel-Style Ale Beer, L'Évèque",500 mL - bottle,"$5.99
 ea.",,$1.20 /100ml,,,,https://www.metro.ca/en/online-grocery/search-page-550
DOMAINE CÔTES D'ARDOISE,"Ice Cider, La Pomelière",375 mL,"$16.29
 ea.",,$4.34 /100ml,"Regular price
$17.99  ea.","Valid until Feb 7, 2024",,https://www.metro.ca/en/online-grocery/search-page-550
LA MAISON DU GIBIER,Frozen Red Deer Fondue,200 g,"$14.99
 ea.",,$7.50 /100g,"Regular price
$15.99  ea.","Valid until Jan 17, 2024",https://product-images.metro.ca/images/h03/h81/11449518358558.jpg,https://www.metro.ca/en/online-grocery/search-page-550
GARNIER,Pure Clean® Fortifying Conditioner For Normal To Oil...,354 mL,"$5.99
 ea.",,$1.69 /100ml,,,,https://www.metro.ca/en/online-grocery/search-page-550
FOUR O'CLOCK,"Organic Green Tea, Sencha",15 un,"$8.99
 ea.",,$26.06 /100g,"Regular price
$10.49  ea.","Valid until Feb 7, 2024",,https://www.metro.ca/en/online-grocery/search-page-550
L'ANCÊTRE,Organic Parmesan Cheese,200 g,"$13.99
 ea.",,$7.00 /100g,,,https://product-images.metro.ca/images/h9b/hd5/9658073186334.jpg,https://www.metro.ca/en/online-grocery/search-page-550
DION,Bacon Flavoured Bits,80 g,"$4.19
 ea.",,$5.24 /100g,,,https://product-images.metro.ca/images/hd1/h9e/10378914398238.jpg,https://www.metro.ca/en/online-grocery/search-page-550
ARM & HAMMER,"Paw Patrol™ Kids Soft Powered Toothbrush, Spinbrush",1 un,"$8.99
 ea.",,$8.99 /un.,,,,https://www.metro.ca/en/online-grocery/search-page-550
LOTUS FOODS,Forbidden Rice Ramen White Miso Soup,80 g,"$3.99
 ea.",,$4.99 /100g,,,https://product-images.metro.ca/images/h36/hc8/11642937671710.jpg,https://www.metro.ca/en/online-grocery/search-page-550
AI-DE-CHEF,Fondue Burner,1 un,"$3.19
 ea.",,$3.19 /un.,,,https://product-images.metro.ca/images/h9d/h67/8901066850334.jpg,https://www.metro.ca/en/online-grocery/search-page-550
MILLER LITE,Light Pilsner Beer,12x355 mL - cans,"$23.99
 ea.",,$0.56 /100ml,,,https://product-images.metro.ca/images/hcc/h35/10813105569822.jpg,https://www.metro.ca/en/online-grocery/search-page-550
BAR HARBOR,Crab And Lobster Bisque,284 mL,"$6.49
 ea.",,$2.29 /100ml,,,https://product-images.metro.ca/images/hf4/hd9/9527846273054.jpg,https://www.metro.ca/en/online-grocery/search-page-550
DION,Celery Pepper,32 g,"$4.19
 ea.",,$13.09 /100g,,,https://product-images.metro.ca/images/h93/hdf/10250280337438.jpg,https://www.metro.ca/en/online-grocery/search-page-550
MR. CLEAN,"Lemon Scented Deep Cleaning Mist Refill, Clean Freak",473 mL,"$4.99
 ea.",,$1.05 /100ml,,,,https://www.metro.ca/en/online-grocery/search-page-551
COCA-COLA,British Columbia Raspberry Flavoured Soft Drink,4x355 mL,"$8.49
 ea.",,$0.60 /100ml,,,https://product-images.metro.ca/images/h15/h15/10495799066654.jpg,https://www.metro.ca/en/online-grocery/search-page-551
LA MAISON DU GIBIER,Frozen Bison For Fondue,200 g,"$16.99
 ea.",,$8.50 /100g,"Regular price
$17.99  ea.","Valid until Jan 17, 2024",https://product-images.metro.ca/images/h1a/hdd/8823074062366.jpg,https://www.metro.ca/en/online-grocery/search-page-551
BIOITALIA,Organic Tagliatelle,375 g,"$5.29
 ea.",,$1.41 /100g,,,https://product-images.metro.ca/images/h24/h23/11816878014494.jpg,https://www.metro.ca/en/online-grocery/search-page-551
PERSONNELLE,Classic Dandruff Shampoo And Conditioner,420 mL,"$4.29
 ea.",,$1.02 /100ml,"Regular price
$5.99  ea.","Valid until Jan 10, 2024",https://product-images.metro.ca/images/h8f/hfa/9719739154462.jpg,https://www.metro.ca/en/online-grocery/search-page-551
HARVEST SUN,Organic Fine Herbs Bouillon Cubes,72 g,"$3.49
 ea.",,$5.29 /100g,,,https://product-images.metro.ca/images/haa/h3e/9530464239646.jpg,https://www.metro.ca/en/online-grocery/search-page-551
TRUDEAU,Fondue Strainer,1 un,"$2.29
 ea.",,$2.29 /un.,,,https://product-images.metro.ca/images/hce/h92/9081678561310.jpg,https://www.metro.ca/en/online-grocery/search-page-551
ROSE HILL FOODS,Vegetable Soup Base,250 g,"$2.49
 ea.",,$1.00 /100g,,,https://product-images.metro.ca/images/h71/h33/8935851884574.jpg,https://www.metro.ca/en/online-grocery/search-page-551
,Idaho Potatoes,5 lb,"$5.99
 ea.",,$0.26 /100g,,,https://product-images.metro.ca/images/h9d/h95/8898224291870.jpg,https://www.metro.ca/en/online-grocery/search-page-551
HUGGIES,"Disposable Swim Diapers, Size 5-6, Little Swimmers",10 un,"$14.99
 ea.",,$1.50 /un.,,,,https://www.metro.ca/en/online-grocery/search-page-551
,"Previously Frozen Or Fresh Haddock Fillets, Value Pa...",Around 3 fillets per tray,"$17.85
 avg. ea.",(450 g avg.),$39.66 /kg$17.99 /lb.,,,,https://www.metro.ca/en/online-grocery/search-page-551
SNOWDON BAKERY,Raisin Challa Twisted Bread,625 g,"$6.99
 ea.",,$1.12 /100g,,,https://product-images.metro.ca/images/h54/h21/8859911618590.jpg,https://www.metro.ca/en/online-grocery/search-page-551
STARFRIT,Silicone Basting Brushes,2 un,"$9.79
 ea.",,$9.79 /un.,,,https://product-images.metro.ca/images/h67/h16/9999185281054.jpg,https://www.metro.ca/en/online-grocery/search-page-551
OMBRA,Lavender Aromatic Foam Bath,500 ml,"$11.49
 ea.",,$2.30 /100ml,,,https://product-images.metro.ca/images/h0f/h69/11829765963806.jpg,https://www.metro.ca/en/online-grocery/search-page-551
CIDRERIE ST-NICOLAS,Crackling Carbonated Rosé Cider,750 mL,"$16.99
 ea.",,$2.27 /100ml,,,https://product-images.metro.ca/images/he2/hfd/8812670877726.jpg,https://www.metro.ca/en/online-grocery/search-page-551
KINNIKINNICK FOODS,"Gluten Free Graham Style Animal Cookies, Kinnikritters",220 g,"$5.49
 ea.",,$2.50 /100g,,,,https://www.metro.ca/en/online-grocery/search-page-551
LA MAISON DU GIBIER,Frozen Elk For Fondue,200 g,"$16.99
 ea.",,$8.50 /100g,"Regular price
$17.99  ea.","Valid until Jan 17, 2024",https://product-images.metro.ca/images/hff/hfe/9007083749406.jpg,https://www.metro.ca/en/online-grocery/search-page-551
NORTH HATLEY,Dark Chocolate Maple Crunch,100 g,"$3.99
 ea.",,$3.99 /100g,,,https://product-images.metro.ca/images/hcc/h55/8924113043486.jpg,https://www.metro.ca/en/online-grocery/search-page-551
INTERMIEL,Wild Flowers Creamy Honey,500 g,"$8.79
 ea.",,$1.76 /100g,,,https://product-images.metro.ca/images/h63/h65/9280196673566.jpg,https://www.metro.ca/en/online-grocery/search-page-551
G-U-M,Tooth'N Tongue Soft Toothbrush,1 un,"$1.99
 ea.",,$1.99 /un.,,,https://product-images.metro.ca/images/ha9/h09/11735108059166.jpg,https://www.metro.ca/en/online-grocery/search-page-551
ORAL-B,"Soft Toothbrush, Advance",1 un,"$5.99
 ea.",,$5.99 /un.,,,,https://www.metro.ca/en/online-grocery/search-page-551
,Red Onions,1 kg,"$4.99
 ea.",,$0.50 /100g,,,https://product-images.metro.ca/images/h93/h0c/8890414071838.jpg,https://www.metro.ca/en/online-grocery/search-page-551
KOUKLA DELIGHTS,Matcha Coconut Bites,150 g,"$9.99
 ea.",,$6.66 /100g,,,https://product-images.metro.ca/images/haf/h8c/10778648870942.jpg,https://www.metro.ca/en/online-grocery/search-page-551
TRUDEAU,Measuring Cups Set,1 un,"$6.49
 ea.",,$6.49 /un.,,,https://product-images.metro.ca/images/h6a/hea/8882252513310.jpg,https://www.metro.ca/en/online-grocery/search-page-551
ROUGIÉ,Duck Foie Gras Parfait With Neige Ice Cider,140 g,"$19.99
 ea.",,$14.28 /100g,"Regular price
$21.99  ea.","Valid until Jan 17, 2024",https://product-images.metro.ca/images/hb6/hd7/9530753056798.jpg,https://www.metro.ca/en/online-grocery/search-page-551
PASSION D'ICI,Maple Apple Spread,212 mL,"$6.99
 ea.",,$3.30 /100ml,,,https://product-images.metro.ca/images/h21/h3b/11022175830046.jpg,https://www.metro.ca/en/online-grocery/search-page-551
COCA-COLA,Cherry Flavoured Soft Drink,500 mL,"$2.99
 ea.",,$0.60 /100ml,,,https://product-images.metro.ca/images/h7e/h3c/11386185941022.jpg,https://www.metro.ca/en/online-grocery/search-page-551
THEOBROMA,Fair Trade And Organic 85% Cocoa Dark Chocolate Bar,80 g,"$5.29
 ea.",,$6.61 /100g,,,https://product-images.metro.ca/images/h7a/h93/11816915009566.jpg,https://www.metro.ca/en/online-grocery/search-page-551
TRUDEAU,Pepper Mill,1 un,"$13.49
 ea.",,$13.49 /un.,,,https://product-images.metro.ca/images/h32/hc4/9106922078238.jpg,https://www.metro.ca/en/online-grocery/search-page-551
ROSE HILL FOODS,Less Fat Onion Soup Base,250 g,"$3.19
 ea.",,$1.28 /100g,,,https://product-images.metro.ca/images/h5c/he6/8935844020254.jpg,https://www.metro.ca/en/online-grocery/search-page-551
EL YUCATECO,Chipotle Hot Sauce,120 mL,"$4.49
 ea.",,$2.99 /100ml,,,https://product-images.metro.ca/images/hd6/h3d/9067014455326.jpg,https://www.metro.ca/en/online-grocery/search-page-552
LITEHOUSE,Coleslaw Dressing,384 mL,"$5.99
 ea.",,$1.56 /100ml,,,https://product-images.metro.ca/images/haa/h15/8939729551390.jpg,https://www.metro.ca/en/online-grocery/search-page-552
BALATTI,Gluten Free Lemongrass In Oil,110 g,"$5.99
 ea.",,$5.45 /100g,,,https://product-images.metro.ca/images/hb6/h4b/11511615488030.jpg,https://www.metro.ca/en/online-grocery/search-page-552
DOSE,Yogi Organic Green Juice,300 mL,"$5.99
 ea.",,$2.00 /100ml,,,https://product-images.metro.ca/images/h13/hb8/11754151411742.jpg,https://www.metro.ca/en/online-grocery/search-page-552
DION,Organic Cloves,27 g,"$4.69
 ea.",,$17.37 /100g,,,https://product-images.metro.ca/images/h10/h20/10300110274590.jpg,https://www.metro.ca/en/online-grocery/search-page-552
NIVEA,"Deep Care Serum Hydrating Body Lotion With Aloe, Alo...",625 mL,"$10.99
 ea.",,$1.76 /100ml,,,,https://www.metro.ca/en/online-grocery/search-page-552
MIEL MORAND,Honey Based Porto Jelly,140 g,"$8.99
 ea.",,$6.42 /100g,,,https://product-images.metro.ca/images/hfe/heb/9534462296094.jpg,https://www.metro.ca/en/online-grocery/search-page-552
GOOD COOK,2.84 L Plastic Colander,1 un,"$4.99
 ea.",,$4.99 /un.,,,https://product-images.metro.ca/images/h22/h18/10674248613918.jpg,https://www.metro.ca/en/online-grocery/search-page-552
DION,Spaghetti Spice Mix,54 g,"$2.99
 ea.",,$5.54 /100g,"Regular price
$3.19  ea.","Valid until Feb 7, 2024",https://product-images.metro.ca/images/h5a/hce/10378919575582.jpg,https://www.metro.ca/en/online-grocery/search-page-552
GEM GEM,Gimme More Mango Ginger Candy,99.22 g,"$4.49
 ea.",,$4.49 /100g,,,https://product-images.metro.ca/images/h7a/h65/10143904333854.jpg,https://www.metro.ca/en/online-grocery/search-page-552
,Mini Mascarpone Tiramisu Mousse Cakes,2x110 g,"2 / 
$14.00",,or $8.79 ea. $3.18 /100g,,"Valid until Jan 17, 2024",https://www.metro.ca/images/shared/placeholders/icon-no-picture.svg?v=2023.71.1.d1,https://www.metro.ca/en/online-grocery/search-page-552
TRESEMMÉ,Smooth And Silky Shampoo,828 mL,"$7.49
 ea.",,$0.90 /100ml,,,https://product-images.metro.ca/images/h78/hcd/11538257838110.jpg,https://www.metro.ca/en/online-grocery/search-page-552
PERSONNELLE,Regular Antibacterial Mint Flavoured Mouthwash,1 L,"$3.99
 ea.",,$0.40 /100ml,"Regular price
$5.99  ea.","Valid until Feb 7, 2024",https://product-images.metro.ca/images/hb6/h77/9910217408542.jpg,https://www.metro.ca/en/online-grocery/search-page-552
DOSE,Zest Organic Citrus Juice,300 mL,"$5.99
 ea.",,$2.00 /100ml,,,https://product-images.metro.ca/images/h74/h5b/11754142564382.jpg,https://www.metro.ca/en/online-grocery/search-page-552
FOUR O'CLOCK,Organic Lime Ginger Mint Herbal Tea,15 un,"$8.99
 ea.",,$29.97 /100g,"Regular price
$10.49  ea.","Valid until Feb 7, 2024",https://product-images.metro.ca/images/h9f/hbd/9401084248094.jpg,https://www.metro.ca/en/online-grocery/search-page-552
LAURA SECORD,Salted Caramel Coulis,340 mL,"$4.69
 ea.",,$1.38 /100ml,"Regular price
$5.99  ea.","Valid until Jan 24, 2024",https://product-images.metro.ca/images/h98/h94/9651785105438.jpg,https://www.metro.ca/en/online-grocery/search-page-552
OMBRA,Citrus And Sage Aromatic Foam Bath,500 ml,"$11.49
 ea.",,$2.30 /100ml,,,https://product-images.metro.ca/images/h14/h77/11829767798814.jpg,https://www.metro.ca/en/online-grocery/search-page-552
,Bag Of Oranges For Juice,4 lb,"$7.99
 ea.",,$0.44 /100g,,,https://product-images.metro.ca/images/hae/h73/11511595565086.jpg,https://www.metro.ca/en/online-grocery/search-page-552
L'ORÉAL,Replenishing Mask Total Repair 5™,300 ml,"$8.99
 ea.",,$3.00 /100ml,,,https://product-images.metro.ca/images/ha7/hfe/12050608979998.jpg,https://www.metro.ca/en/online-grocery/search-page-552
ÉRABEILLE ARTISAN,Raspberries & Chives Sauce,250 mL,"$5.99
 ea.",,$2.40 /100ml,"Regular price
$6.99  ea.","Valid until Jan 24, 2024",https://product-images.metro.ca/images/h39/h1c/8953144934430.jpg,https://www.metro.ca/en/online-grocery/search-page-552
DOSE,Samba Organic Beet-Based Juice,300 mL,"$5.99
 ea.",,$2.00 /100ml,,,https://product-images.metro.ca/images/h5b/h3b/11754130735134.jpg,https://www.metro.ca/en/online-grocery/search-page-552
STARFRIT,Graters,3 un,"$9.99
 ea.",,$9.99 /un.,,,https://product-images.metro.ca/images/h44/hc6/9081565904926.jpg,https://www.metro.ca/en/online-grocery/search-page-552
COLGATE,"360 Optic White™ Medium Toothbrush, 360",1 un,"$6.79
 ea.",,$6.79 /un.,,,,https://www.metro.ca/en/online-grocery/search-page-552
BERNARDIN,Dissolvable Labels,6 un,"$4.49
 ea.",,$0.07 /un.,,,https://product-images.metro.ca/images/h21/h29/8849602379806.jpg,https://www.metro.ca/en/online-grocery/search-page-552
JUNGLEMAX,10" Chew Rolls Dog Treats,3 un,"$6.49
 ea.",,$6.49 /un.,,,,https://www.metro.ca/en/online-grocery/search-page-552
SARDO,Organic Olive Medley,375 mL,"$4.99
 ea.",,$1.33 /100ml,"Regular price
$5.99  ea.","Valid until Jan 24, 2024",https://www.metro.ca/images/shared/placeholders/icon-no-picture.svg?v=2023.71.1.d1,https://www.metro.ca/en/online-grocery/search-page-552
TRUDEAU,Fondue Fork,1 un,"$5.99
 ea.",,$5.99 /un.,,,https://product-images.metro.ca/images/h9a/h7b/12083909722142.jpg,https://www.metro.ca/en/online-grocery/search-page-552
TRUDEAU,Steel Fondue Fork,1 un,"$5.99
 ea.",,$5.99 /un.,,,https://product-images.metro.ca/images/hc0/h0b/10268299493406.jpg,https://www.metro.ca/en/online-grocery/search-page-552
JOHN FRIEDA,"Secret Weapon® Touch-Up Crème, Frizz Ease",115 ml,"$14.49
 ea.",,$12.60 /100ml,,,,https://www.metro.ca/en/online-grocery/search-page-552
,Bag Of Beetroots,2 lb,"$3.99
 ea.",,$0.44 /100g,,,https://product-images.metro.ca/images/h96/h5a/8898277048350.jpg,https://www.metro.ca/en/online-grocery/search-page-552
HOME PRESENCE,Gelled Fuel Capsules,2 un,"$6.99
 ea.",,$6.99 /un.,,,https://product-images.metro.ca/images/h5e/ha1/9106927616030.jpg,https://www.metro.ca/en/online-grocery/search-page-553
DION,4 Peppercorn Mix,34 g,"$5.49
 ea.",,$16.15 /100g,,,https://product-images.metro.ca/images/h6e/h91/8890261930014.jpg,https://www.metro.ca/en/online-grocery/search-page-553
,Organic Ginger,85 g,"$2.49
 ea.",,$2.93 /100g,,,https://product-images.metro.ca/images/ha6/h0b/9145724403742.jpg,https://www.metro.ca/en/online-grocery/search-page-553
JUNGLEMAX,Smoked Pork Bone,1 un,"$7.49
 ea.",,$7.49 /un.,,,https://product-images.metro.ca/images/h3e/h30/10109091610654.jpg,https://www.metro.ca/en/online-grocery/search-page-553
TWIST CHEEZ,Hickory Smoked Cheese,50 g,"$2.79
 ea.",,$5.58 /100g,"Regular price
$2.99  ea.","Valid until Jan 17, 2024",https://www.metro.ca/images/shared/placeholders/icon-no-picture.svg?v=2023.71.1.d1,https://www.metro.ca/en/online-grocery/search-page-553
TRUDEAU,Tongs For Grilling,1 un,"$1.79
 ea.",,$1.79 /un.,,,https://product-images.metro.ca/images/ha8/h2d/9081671974942.jpg,https://www.metro.ca/en/online-grocery/search-page-553
DION,Organic Bay Leaves,10 g,"$4.69
 ea.",,$46.90 /100g,,,https://product-images.metro.ca/images/hc2/hab/10354872909854.jpg,https://www.metro.ca/en/online-grocery/search-page-553
JUNGLEMAX,3" Pressed Bones,8 un,"$10.29
 ea.",,$10.29 /un.,,,,https://www.metro.ca/en/online-grocery/search-page-553
DION,Marjoram,18 g,"$2.99
 ea.",,$16.61 /100g,"Regular price
$3.69  ea.","Valid until Feb 7, 2024",https://product-images.metro.ca/images/h68/h61/10378923606046.jpg,https://www.metro.ca/en/online-grocery/search-page-553
LE GLACIER BILBOQUET,Maple Syrup Ice Cream,500 mL,"$4.99
 ea.",,$1.00 /100ml,"Regular price
$6.49  ea.","Valid until Feb 14, 2024",https://product-images.metro.ca/images/h87/h11/9883128561694.jpg,https://www.metro.ca/en/online-grocery/search-page-553
FOUR O'CLOCK,"Lemon And Mint Digestive Herbal Tea, Herbalist",20 un,"$5.99
 ea.",,$0.30 /un.,,,,https://www.metro.ca/en/online-grocery/search-page-553
ÉRABEILLE ARTISAN,"Tomato, Garlic & Lemon Sauce",250 mL,"$5.99
 ea.",,$2.40 /100ml,"Regular price
$6.99  ea.","Valid until Jan 24, 2024",https://product-images.metro.ca/images/h61/h0e/8953623412766.jpg,https://www.metro.ca/en/online-grocery/search-page-553
BAR HARBOR,Fish Stock,398 mL,"$4.69
 ea.",,$1.18 /100ml,,,https://product-images.metro.ca/images/h0a/h52/9527852892190.jpg,https://www.metro.ca/en/online-grocery/search-page-553
DION,Organic Ground Mexican Chilies,39 g,"$8.29
 ea.",,$21.26 /100g,,,https://product-images.metro.ca/images/hb1/h40/10344182972446.jpg,https://www.metro.ca/en/online-grocery/search-page-553
LA MAISON DU GIBIER,Frozen Duck For Fondue,200 g,"$14.99
 ea.",,$7.50 /100g,"Regular price
$15.99  ea.","Valid until Jan 17, 2024",https://product-images.metro.ca/images/h53/hd2/8823548608542.jpg,https://www.metro.ca/en/online-grocery/search-page-553
TRESEMMÉ,Smooth Silky Hair Conditioner,828 mL,"$7.49
 ea.",,$0.90 /100ml,,,https://product-images.metro.ca/images/h71/ha8/11538259738654.jpg,https://www.metro.ca/en/online-grocery/search-page-553
DION,Organic Ground Coriander,18 g,"$4.99
 ea.",,$27.72 /100g,,,https://product-images.metro.ca/images/hf5/h69/10344179466270.jpg,https://www.metro.ca/en/online-grocery/search-page-553
DION,Organic Ground Cloves,35 g,"$5.29
 ea.",,$15.11 /100g,,,https://product-images.metro.ca/images/h47/h04/10300123611166.jpg,https://www.metro.ca/en/online-grocery/search-page-553
ROSE HILL FOODS,Beef Soup Base,400 g,"$3.19
 ea.",,$0.80 /100g,,,https://product-images.metro.ca/images/h6b/hd7/10475427364894.jpg,https://www.metro.ca/en/online-grocery/search-page-553
FROMAGERIE FRITZ KAISER,Zurigo Semi-Firm Cheese,1 piece,"$9.43
 avg. ea.",(225 g avg.),$41.90 /kg$19.01 /lb.,"Regular price
$45.90  avg. kg","Valid until Jan 17, 2024",https://product-images.metro.ca/images/h11/hf3/8896954302494.jpg,https://www.metro.ca/en/online-grocery/search-page-553
MATT & STEVE'S,Caesar Rimmer Glass Seasoning,150 g,"$5.99
 ea.",,$3.99 /100g,,,https://product-images.metro.ca/images/hc8/ha3/9658197180446.jpg,https://www.metro.ca/en/online-grocery/search-page-553
DION,Caraway Seeds,43 g,"$2.49
 ea.",,$5.79 /100g,"Regular price
$3.19  ea.","Valid until Feb 7, 2024",https://product-images.metro.ca/images/hbc/h2e/9530176307230.jpg,https://www.metro.ca/en/online-grocery/search-page-553
MR. CLEAN,Original Magic Eraser,3 un,"$4.99
 ea.",,$1.66 /un.,,,https://product-images.metro.ca/images/h7c/h31/9190002032670.jpg,https://www.metro.ca/en/online-grocery/search-page-553
PLATINUM,AAA Platinum Angus Prime Rib Roast,,"$42.40
 avg. ea.","(1,750 g avg.)",$24.23 /kg$10.99 /lb.,,,https://product-images.metro.ca/images/hc1/h61/8893981360158.jpg,https://www.metro.ca/en/online-grocery/search-page-553
G-U-M,Tooth'N Tongue Medium Toothbrush,1 un,"$1.99
 ea.",,$1.99 /un.,,,https://product-images.metro.ca/images/he5/h29/11735107174430.jpg,https://www.metro.ca/en/online-grocery/search-page-553
MICROBRASSERIE À LA FÛT,"English-Style Nut Brown Ale Beer, British",473 mL,"$4.99
 ea.",,$1.05 /100ml,"Regular price
$5.49  ea.","Valid until Feb 7, 2024",,https://www.metro.ca/en/online-grocery/search-page-553
NESCAFÉ,"Original Blend K-Cup® Coffee Pods, Rich",30 un,"$21.49
 ea.",,$0.72 /un.,,,,https://www.metro.ca/en/online-grocery/search-page-553
TRUDEAU,Zest Grater,1 un,"$9.99
 ea.",,$9.99 /un.,,,https://product-images.metro.ca/images/h55/h4b/8882233868318.jpg,https://www.metro.ca/en/online-grocery/search-page-553
COMME MA MÈRE,Vegan Lentils Soup Mix,200 g,"$6.49
 ea.",,$3.25 /100g,,,https://product-images.metro.ca/images/hae/hfb/9068074795038.jpg,https://www.metro.ca/en/online-grocery/search-page-553
NORTH HATLEY,Milk Chocolate Maple Crunch,100 g,"$3.99
 ea.",,$3.99 /100g,,,https://product-images.metro.ca/images/hec/h76/8924097576990.jpg,https://www.metro.ca/en/online-grocery/search-page-553
DEGREE,Ultraclear Black+White™ Fresh Antiperspirant Dry Spr...,107 g,"$7.79
 ea.",,$7.28 /100g,,,,https://www.metro.ca/en/online-grocery/search-page-554
TRESEMMÉ,"Shampoo For Dry Hair With Hyaluronic Plex, Rich Mois...",828 mL,"$7.49
 ea.",,$0.90 /100ml,,,,https://www.metro.ca/en/online-grocery/search-page-554
INTERMIEL,Creamy Amber Golden Rod Honey,500 g,"$8.79
 ea.",,$1.76 /100g,,,https://product-images.metro.ca/images/h12/h7e/9280202113054.jpg,https://www.metro.ca/en/online-grocery/search-page-554
DION,Savory,36 g,"$3.69
 ea.",,$10.25 /100g,"Regular price
$4.99  ea.","Valid until Feb 7, 2024",https://product-images.metro.ca/images/hf4/h1b/10378937565214.jpg,https://www.metro.ca/en/online-grocery/search-page-554
,Organic Mini Peppers,454 g,"$6.99
 ea.",,$1.54 /100g,,,https://product-images.metro.ca/images/hc3/hda/8910315094046.jpg,https://www.metro.ca/en/online-grocery/search-page-554
MICROBRASSERIE À LA FÛT,"Red Ale Beer, Rousse Rustre",473 mL,"$4.99
 ea.",,$1.05 /100ml,"Regular price
$5.49  ea.","Valid until Feb 7, 2024",,https://www.metro.ca/en/online-grocery/search-page-554
DION,Organic Sesame Seeds,46 g,"$4.99
 ea.",,$10.85 /100g,,,https://product-images.metro.ca/images/hfb/h9e/10319456862238.jpg,https://www.metro.ca/en/online-grocery/search-page-554
COLGATE,"Optic White™ Soft Toothbrush, 360°",1 un,"$6.79
 ea.",,$6.79 /un.,,,,https://www.metro.ca/en/online-grocery/search-page-554
CIDRERIE ST-NICOLAS,Le Vire Crêpe Cider,750 mL,"$13.99
 ea.",,$1.87 /100ml,,,https://product-images.metro.ca/images/hb4/h65/8813628358686.jpg,https://www.metro.ca/en/online-grocery/search-page-554
GOOD COOK,White Salad Tong,1 un,"$2.99
 ea.",,$2.99 /un.,,,https://product-images.metro.ca/images/h09/h08/9217500774430.jpg,https://www.metro.ca/en/online-grocery/search-page-554
FOUR O'CLOCK,Organic Chamomile Citrus Herbal Tea,15 un,"$8.99
 ea.",,$29.97 /100g,"Regular price
$10.49  ea.","Valid until Feb 7, 2024",https://product-images.metro.ca/images/h41/h1e/9401086083102.jpg,https://www.metro.ca/en/online-grocery/search-page-554
SARDO,Organic Green Olives,375 mL,"$4.99
 ea.",,$1.33 /100ml,"Regular price
$5.99  ea.","Valid until Jan 24, 2024",https://www.metro.ca/images/shared/placeholders/icon-no-picture.svg?v=2023.71.1.d1,https://www.metro.ca/en/online-grocery/search-page-554
BAR HARBOR,Seafood Stock,398 mL,"$4.69
 ea.",,$1.18 /100ml,,,https://product-images.metro.ca/images/h81/h2d/9527849222174.jpg,https://www.metro.ca/en/online-grocery/search-page-554
SOFTSOAP,Soothing Aloe Vera Moisturizing Hand Soap Refill,1.47 L,"$8.29
 ea.",,$0.56 /100ml,"Regular price
$11.29  ea.","Valid until Feb 7, 2024",https://product-images.metro.ca/images/h64/h46/11374895759390.jpg,https://www.metro.ca/en/online-grocery/search-page-554
PERSONNELLE,Overnight Antibacterial Denture Cleanser,40 un,"$4.29
 ea.",,$0.11 /un.,,,https://product-images.metro.ca/images/h3e/h21/9288875278366.jpg,https://www.metro.ca/en/online-grocery/search-page-554
,Medley Of Greenhouse Tomatoes,1.5 lb,"$9.99
 ea.",,$1.47 /100g,,,https://product-images.metro.ca/images/h9f/h14/9363136708638.jpg,https://www.metro.ca/en/online-grocery/search-page-554
BIOITALIA,Organic Large Pasta Shells,375 g,"$5.29
 ea.",,$1.41 /100g,,,https://product-images.metro.ca/images/ha5/h2f/9836235554846.jpg,https://www.metro.ca/en/online-grocery/search-page-554
MOON CHEESE,Cheddar Cheese Puffs,57 g,"$6.29
 ea.",,$11.04 /100g,,,https://product-images.metro.ca/images/hdf/h2e/9760689881118.jpg,https://www.metro.ca/en/online-grocery/search-page-554
OLA BAMBOO,Ultra Soft Adult Bamboo Toothbrush,1 un,"$4.99
 ea.",,$4.99 /un.,,,https://product-images.metro.ca/images/h00/hcf/9508402921502.jpg,https://www.metro.ca/en/online-grocery/search-page-554
FOUR O'CLOCK,Organic Espresso Chai Latte Tea,16 un,"$4.49
 ea.",,$0.28 /un.,"Regular price
$5.29  ea.","Valid until Feb 7, 2024",https://product-images.metro.ca/images/h2c/h28/9534082285598.jpg,https://www.metro.ca/en/online-grocery/search-page-554
ALPEN SECRETS,Moisturizing Shea Butter Body Wash With Added Goat Milk,500 ml,"$3.99
 ea.",,$0.80 /100ml,,,https://product-images.metro.ca/images/hc1/h2f/11332986961950.jpg,https://www.metro.ca/en/online-grocery/search-page-554
KINNIKINNICK FOODS,Gluten Free Vanilla Wafers,180 g,"$5.49
 ea.",,$3.05 /100g,,,https://product-images.metro.ca/images/h3e/h8c/10695677149214.jpg,https://www.metro.ca/en/online-grocery/search-page-554
,Red Sweet Bell Peppers,2 un,"$6.99
 ea.",,$3.50 /un.,,,https://product-images.metro.ca/images/hd5/hca/9335905746974.jpg,https://www.metro.ca/en/online-grocery/search-page-554
LIVE CLEAN,Coconut Milk Moisturizing Shampoo,350 mL,"$7.99
 ea.",,$2.28 /100ml,,,https://product-images.metro.ca/images/h56/hb8/10365200269342.jpg,https://www.metro.ca/en/online-grocery/search-page-554
AGGA COFFEE,Organic Orgasmo Nespresso® Coffee Pods,10 un,"$6.99
 ea.",,$0.70 /un.,,,https://product-images.metro.ca/images/h80/h3c/11997354459166.jpg,https://www.metro.ca/en/online-grocery/search-page-554
FOUR O'CLOCK,Organic Pomegranate And Echinacea Herbal Tea,16 un,"$4.49
 ea.",,$0.28 /un.,"Regular price
$5.29  ea.","Valid until Feb 7, 2024",https://product-images.metro.ca/images/hb6/h10/9533787373598.jpg,https://www.metro.ca/en/online-grocery/search-page-554
JUNGLEMAX,8" Braided Stick Dog Treat,2 un,"$8.79
 ea.",,$4.40 /un.,,,,https://www.metro.ca/en/online-grocery/search-page-554
GOOD COOK,Potato Masher,1 un,"$6.79
 ea.",,$6.79 /un.,,,https://product-images.metro.ca/images/h23/h63/9288935637022.jpg,https://www.metro.ca/en/online-grocery/search-page-554
STARFRIT,"Soup Plastic Container Set, Lock&Lock",3 un,"$7.49
 ea.",,$2.50 /un.,,,,https://www.metro.ca/en/online-grocery/search-page-554
EL YUCATECO,Habanero Pepper Green Hot Sauce,120 mL,"$3.69
 ea.",,$3.07 /100ml,,,https://product-images.metro.ca/images/h4b/h04/9067014258718.jpg,https://www.metro.ca/en/online-grocery/search-page-554
TRESEMMÉ,Color Revitalize Protection Shampoo,828 mL,"$7.49
 ea.",,$0.90 /100ml,,,https://product-images.metro.ca/images/h72/hde/11538259836958.jpg,https://www.metro.ca/en/online-grocery/search-page-555
TRESEMMÉ,"Conditioner For Dry Hair, Rich Moisture",828 mL,"$7.49
 ea.",,$0.90 /100ml,,,,https://www.metro.ca/en/online-grocery/search-page-555
TRESEMMÉ,Clean Natural Conditioner,828 mL,"$7.49
 ea.",,$0.90 /100ml,,,https://product-images.metro.ca/images/hef/hfc/11538261639198.jpg,https://www.metro.ca/en/online-grocery/search-page-555
INTERMIEL,Creamy Golden Clover Honey,1 kg,"$15.49
 ea.",,$1.55 /100g,,,https://product-images.metro.ca/images/hbd/h6f/9280200343582.jpg,https://www.metro.ca/en/online-grocery/search-page-555
GILLETTE,"Pivoting Disposable Razors, Sensor2 Plus",10 un,"$11.99
 ea.",,$1.20 /un.,,,,https://www.metro.ca/en/online-grocery/search-page-555
COLGATE,"Cool Mint Whitening Toothpaste, MaxFresh",150 ml,"$3.99
 ea.",,$2.66 /100ml,"Regular price
$4.99  ea.","Valid until Feb 7, 2024",,https://www.metro.ca/en/online-grocery/search-page-555
ADRIEN GAGNON,Yogurt Fruity Delight Flavoured Meal Replacement Bar...,5x65 g,"$11.99
 ea.",,$3.69 /100g,,,,https://www.metro.ca/en/online-grocery/search-page-555
TILDA,Lime & Cilantro Basmati Rice,250 g,"$4.49
 ea.",,$1.80 /100g,,,https://product-images.metro.ca/images/hfc/h1c/10250316251166.jpg,https://www.metro.ca/en/online-grocery/search-page-555
DION,Lemongrass,16 g,"$2.99
 ea.",,$18.69 /100g,"Regular price
$3.19  ea.","Valid until Feb 7, 2024",https://product-images.metro.ca/images/hd8/hd5/10319473475614.jpg,https://www.metro.ca/en/online-grocery/search-page-555
EL-MA-MIA,Maple Salmon Seasoning,2x55 g,"$4.99
 ea.",,$4.54 /100g,,,https://product-images.metro.ca/images/h45/h80/9145706184734.jpg,https://www.metro.ca/en/online-grocery/search-page-555
MICROBRASSERIE À LA FÛT,"Pale Ale Beer, Blonde De St-Tite",473 mL,"$4.99
 ea.",,$1.05 /100ml,"Regular price
$5.49  ea.","Valid until Feb 7, 2024",,https://www.metro.ca/en/online-grocery/search-page-555
DION,Organic Italian Herbs,16 g,"$4.99
 ea.",,$31.19 /100g,,,https://product-images.metro.ca/images/h67/hc0/10344186740766.jpg,https://www.metro.ca/en/online-grocery/search-page-555
NATUR,Safflower Oil,450 mL,"$9.79
 ea.",,$2.18 /100ml,,,https://product-images.metro.ca/images/h36/h22/10946094006302.jpg,https://www.metro.ca/en/online-grocery/search-page-555
AIR WICK,"Bali Ocean Air Scented Automatic Spray Refill, Beach...",175 g,"$8.79
 ea.",,$5.02 /100g,,,,https://www.metro.ca/en/online-grocery/search-page-555
DION,Organic Granulated Onion,51 g,"$6.49
 ea.",,$12.73 /100g,,,https://product-images.metro.ca/images/h6b/h12/10319456927774.jpg,https://www.metro.ca/en/online-grocery/search-page-555
TWIST CHEEZ,Jalapeño Flavoured Cheese,50 g,"$2.79
 ea.",,$5.58 /100g,"Regular price
$2.99  ea.","Valid until Jan 17, 2024",https://www.metro.ca/images/shared/placeholders/icon-no-picture.svg?v=2023.71.1.d1,https://www.metro.ca/en/online-grocery/search-page-555
SMIRNOFF ICE,"Alcoholic Malt Beverages Variety Pack, Encore",12x355 mL - cans,"$22.99
 ea.",,$0.54 /100ml,"Regular price
$23.99  ea.","Valid until Feb 7, 2024",,https://www.metro.ca/en/online-grocery/search-page-555
DOMAINE LABRANCHE,Raspberry Flavoured Quebec Maple Wine,750 mL,"$14.99
 ea.",,$2.00 /100ml,,,https://product-images.metro.ca/images/hfd/h15/10244271964190.jpg,https://www.metro.ca/en/online-grocery/search-page-555
BUSCH,"Lager Beer, Ice",12x355 mL - cans,"$17.99
 ea.",,$0.42 /100ml,,,,https://www.metro.ca/en/online-grocery/search-page-555
DOSE,Tango Organic Carrot-Based Juice,300 mL,"$5.99
 ea.",,$2.00 /100ml,,,https://product-images.metro.ca/images/h27/h03/9802661134366.jpg,https://www.metro.ca/en/online-grocery/search-page-555
VEET,In Shower Hair Removal Cream With Aloe Vera And Vita...,200 mL,"$10.99
 ea.",,$5.50 /100ml,,,,https://www.metro.ca/en/online-grocery/search-page-555
,Raspberry And Blueberry Cheesecake,2x65 g,"$4.29
 ea.",,$3.30 /100g,,,https://product-images.metro.ca/images/hf3/ha2/10265250725918.jpg,https://www.metro.ca/en/online-grocery/search-page-555
LA MAISON DU GIBIER,Frozen Rabbit For Fondue,200 g,"$14.99
 ea.",,$7.50 /100g,"Regular price
$15.99  ea.","Valid until Jan 17, 2024",https://product-images.metro.ca/images/h87/h78/8821331918878.jpg,https://www.metro.ca/en/online-grocery/search-page-555
DION,Organic Poppy Seeds,46 g,"$4.99
 ea.",,$10.85 /100g,,,https://product-images.metro.ca/images/h15/hda/10344170389534.jpg,https://www.metro.ca/en/online-grocery/search-page-555
STARFRIT,Bag Clips,2 un,"$3.69
 ea.",,$3.69 /un.,,,https://product-images.metro.ca/images/h91/h12/9916414197790.jpg,https://www.metro.ca/en/online-grocery/search-page-555
TRUDEAU,Double Lever Corkscrew,1 un,"$8.99
 ea.",,$8.99 /un.,,,https://product-images.metro.ca/images/h00/hd9/12083897401374.jpg,https://www.metro.ca/en/online-grocery/search-page-555
TREE OF LIFE,Organic Diced Tomatoes,796 mL,"$4.49
 ea.",,$0.56 /100ml,"Regular price
$5.79  ea.","Valid until Jan 24, 2024",https://product-images.metro.ca/images/h83/h34/8971564580894.jpg,https://www.metro.ca/en/online-grocery/search-page-555
BAND-AID,Assorted Hello Kitty® Plastic Bandages,20 un,"$5.29
 ea.",,$0.26 /un.,,,https://product-images.metro.ca/images/h74/h49/10268152266782.jpg,https://www.metro.ca/en/online-grocery/search-page-555
DION,Organic Mustard Powder,40 g,"$4.99
 ea.",,$12.48 /100g,,,https://product-images.metro.ca/images/hf0/h05/10300116762654.jpg,https://www.metro.ca/en/online-grocery/search-page-555
MOISSONNERIES DU PAYS,Organic Raw Buckwheat Porridge,400 g,"$5.99
 ea.",,$1.50 /100g,,,https://product-images.metro.ca/images/haf/h03/11157685927966.jpg,https://www.metro.ca/en/online-grocery/search-page-555
,Previously Frozen Boneless Haddock Fillet,,"$8.81
 avg. ea.",(200 g avg.),$44.07 /kg$19.99 /lb.,,,https://product-images.metro.ca/images/h73/h0f/9014929719326.jpg,https://www.metro.ca/en/online-grocery/search-page-556
,Strawberry Cheesecake,2x75 g,"$4.29
 ea.",,$2.86 /100g,,,https://www.metro.ca/images/shared/placeholders/icon-no-picture.svg?v=2023.71.1.d1,https://www.metro.ca/en/online-grocery/search-page-556
AIR WICK,"Bali Ocean Scented Oil Refills, Beach Escapes",2x20 ml,"$11.49
 ea.",,$28.73 /100ml,"Regular price
$12.99  ea.","Valid until Feb 7, 2024",,https://www.metro.ca/en/online-grocery/search-page-556
,"Bag Of Apples, Royal Gala",3 lb,"$6.99
 ea.",,$0.51 /100g,,,,https://www.metro.ca/en/online-grocery/search-page-556
,Lean Ground Pork And Beef Duo,A tray contains on average 800 g,"$12.33
 / 800 g",,$15.41 /kg$6.99 /lb.,,,https://product-images.metro.ca/images/hcc/hfc/8886636445726.jpg,https://www.metro.ca/en/online-grocery/search-page-556
DION,Organic Tarragon,12 g,"$5.79
 ea.",,$48.25 /100g,,,https://product-images.metro.ca/images/hc9/hb5/10344189689886.jpg,https://www.metro.ca/en/online-grocery/search-page-556
AKI SUSHI,Asian Sauce,240 mL,"$5.99
 ea.",,$2.50 /100ml,,,https://product-images.metro.ca/images/hc3/h3a/9438024761374.jpg,https://www.metro.ca/en/online-grocery/search-page-556
MYSTIQUE,Perle Noire Coffee Beans,454 g,"$14.99
 ea.",,$3.30 /100g,"Regular price
$16.49  ea.","Valid until Feb 7, 2024",https://product-images.metro.ca/images/hef/h30/9910142074910.jpg,https://www.metro.ca/en/online-grocery/search-page-556
DION,Organic Black Peppercorn,43 g,"$6.29
 ea.",,$14.63 /100g,,,https://product-images.metro.ca/images/hf1/h1c/10344180514846.jpg,https://www.metro.ca/en/online-grocery/search-page-556
TOM'S OF MAINE,Natural Fluoride Free Silly Strawberry™ Toothpaste F...,90 mL,"$6.29
 ea.",,$6.99 /100ml,,,,https://www.metro.ca/en/online-grocery/search-page-556
VINCENT VARIÉTÉ,Hockey Stick And Puck Candles,6 un,"$4.79
 ea.",,$4.79 /un.,,,https://product-images.metro.ca/images/h66/h59/8912260300830.jpg,https://www.metro.ca/en/online-grocery/search-page-556
JUNGLEMAX,Chew Strip Dog Treat,20 un,"$6.49
 ea.",,$0.32 /un.,,,https://product-images.metro.ca/images/hbf/ha6/9288440610846.jpg,https://www.metro.ca/en/online-grocery/search-page-556
GARNIER,"Legendary Olive™ Replenishing Conditioner, Whole Blends",370 ml,"$6.49
 ea.",,$1.75 /100ml,,,,https://www.metro.ca/en/online-grocery/search-page-556
CEDAR,Large Split Fava Beans,907 g,"$5.99
 ea.",,$0.66 /100g,,,https://product-images.metro.ca/images/hcb/hea/8896334561310.jpg,https://www.metro.ca/en/online-grocery/search-page-556
DOMAINE LABRANCHE,Quebec White Wine,750 mL,"$15.99
 ea.",,$2.13 /100ml,,,https://product-images.metro.ca/images/h7d/hd0/9289229762590.jpg,https://www.metro.ca/en/online-grocery/search-page-556
HOEGAARDEN,Belgian White Beer,4x500 mL - cans,"3 / 
$35.97",,or $14.49 ea. $0.60 /100ml,"Regular price
$15.49  ea.","Valid until Feb 7, 2024",https://product-images.metro.ca/images/h7c/hc1/9288517713950.jpg,https://www.metro.ca/en/online-grocery/search-page-556
SILLY COW FARMS,Hot Chocolate Mix,479 g,"$8.99
 ea.",,$1.87 /100g,,,https://product-images.metro.ca/images/hfe/h62/9533233496094.jpg,https://www.metro.ca/en/online-grocery/search-page-556
BLEU LAVANDE,Lavender Linen Water,1 L,"$38.99
 ea.",,$0.04 /ml,,,https://product-images.metro.ca/images/h53/hd7/9702062030878.jpg,https://www.metro.ca/en/online-grocery/search-page-556
ARCHIBALD,"Belgian-Style White Beer, La Joufflue",12x355 mL - cans,"$23.99
 ea.",,$0.56 /100ml,,,,https://www.metro.ca/en/online-grocery/search-page-556
JUNGLEMAX,15" White Knotted Bone,1 un,"$12.99
 ea.",,$12.99 /un.,,,,https://www.metro.ca/en/online-grocery/search-page-556
COMME MA MÈRE,Vegan Spicy Lentils Soup Mix,200 g,"$6.49
 ea.",,$3.25 /100g,,,https://product-images.metro.ca/images/hc9/h8a/9068086165534.jpg,https://www.metro.ca/en/online-grocery/search-page-556
GO BIO,Organic Vegetable Bouillon Cubes No Salt Added,54 g,"$4.69
 ea.",,$8.69 /100g,,,https://product-images.metro.ca/images/h3f/h75/9530830159902.jpg,https://www.metro.ca/en/online-grocery/search-page-556
BOB'S RED MILL,Gluten Free Double Acting Baking Powder,397 g,"$6.99
 ea.",,$1.76 /100g,,,https://product-images.metro.ca/images/hc5/h6f/12230546915358.jpg,https://www.metro.ca/en/online-grocery/search-page-556
TWISTED TEA,Alcoholic Malt Iced Tea Variety Pack,12x355 mL,"$20.99
 ea.",,$0.49 /100ml,"Regular price
$21.99  ea.","Valid until Feb 7, 2024",https://product-images.metro.ca/images/h94/h05/11816914976798.jpg,https://www.metro.ca/en/online-grocery/search-page-556
DION,Organic Mustard Seeds,63 g,"$4.99
 ea.",,$7.92 /100g,,,https://product-images.metro.ca/images/h7b/he2/10378890706974.jpg,https://www.metro.ca/en/online-grocery/search-page-556
ARIZONA,Lemon Flavoured Iced Tea,8x200 mL,"$5.79
 ea.",,$0.36 /100ml,,,https://product-images.metro.ca/images/h58/h33/12230565920798.jpg,https://www.metro.ca/en/online-grocery/search-page-556
EL YUCATECO,Habanero Pepper Red Hot Sauce,120 mL,"$3.69
 ea.",,$3.07 /100ml,,,https://product-images.metro.ca/images/h6f/hb7/9067029168158.jpg,https://www.metro.ca/en/online-grocery/search-page-556
TRUDEAU,Salt Mill,1 un,"$15.29
 ea.",,$15.29 /un.,,,https://product-images.metro.ca/images/hce/hd2/9106922111006.jpg,https://www.metro.ca/en/online-grocery/search-page-556
ÉMILE NOËL,Organic Sunflower Oil,1 L,"$17.99
 ea.",,$1.80 /100ml,,,https://product-images.metro.ca/images/h71/h60/11590664618014.jpg,https://www.metro.ca/en/online-grocery/search-page-556
FOUR O'CLOCK,"Mint Digestive Herbal Tea, Herbalist",20 un,"$5.99
 ea.",,$0.30 /un.,,,,https://www.metro.ca/en/online-grocery/search-page-556
DION,Organic Cayenne Pepper,34 g,"$5.99
 ea.",,$17.62 /100g,,,https://product-images.metro.ca/images/hb5/h9c/10378888708126.jpg,https://www.metro.ca/en/online-grocery/search-page-557
,Twist Smiley Flame Candles,4 un,"$5.19
 ea.",,$5.19 /un.,,,https://product-images.metro.ca/images/h2d/h83/8944318054430.jpg,https://www.metro.ca/en/online-grocery/search-page-557
DION,Organic Crushed Red Pepper,28 g,"$5.79
 ea.",,$20.68 /100g,,,https://product-images.metro.ca/images/h18/h7d/10344205287454.jpg,https://www.metro.ca/en/online-grocery/search-page-557
JUNGLEMAX,White Snack Rolls Dog Treats,10 un,"$8.99
 ea.",,$8.99 /un.,,,https://product-images.metro.ca/images/hb4/h8b/8912089841694.jpg,https://www.metro.ca/en/online-grocery/search-page-557
GO BIO,Organic Chicken Bouillon Cubes No Salt Added,54 g,"$4.69
 ea.",,$8.69 /100g,,,https://product-images.metro.ca/images/h1d/h94/9530829602846.jpg,https://www.metro.ca/en/online-grocery/search-page-557
STARFRIT,4 Blades Black Mandoline,1 un,"$19.99
 ea.",,$19.99 /un.,,,https://product-images.metro.ca/images/hef/h62/12083869384734.jpg,https://www.metro.ca/en/online-grocery/search-page-557
EL YUCATECO,Kutbil-Ik Exxxtra Hot Habanero Pepper Sauce,120 mL,"$4.79
 ea.",,$3.99 /100ml,,,https://product-images.metro.ca/images/h33/h03/9067039817758.jpg,https://www.metro.ca/en/online-grocery/search-page-557
,Carrot Cake,1.9 kg,"$34.99
 ea.",,$1.84 /100g,,,https://product-images.metro.ca/images/h8e/hec/9910347235358.jpg,https://www.metro.ca/en/online-grocery/search-page-557
LE CHÂTEAU DE MIEL,Natural Honey,500 g,"$6.79
 ea.",,$1.36 /100g,,,https://product-images.metro.ca/images/hc7/h7b/8923663073310.jpg,https://www.metro.ca/en/online-grocery/search-page-557
PATIENCE FRUIT & CO,Organic Wild Blueberry Juice,946 mL,"$13.49
 ea.",,$1.43 /100ml,,,https://product-images.metro.ca/images/hce/h37/11511636983838.jpg,https://www.metro.ca/en/online-grocery/search-page-557
DION,Organic Granulated Garlic,55 g,"$6.99
 ea.",,$12.71 /100g,,,https://product-images.metro.ca/images/h9e/hd4/10319458762782.jpg,https://www.metro.ca/en/online-grocery/search-page-557
GILLETTE,"Tropical® Disposable Razors For Women, Venus Tropical",3 un,"$13.49
 ea.",,$4.50 /un.,,,,https://www.metro.ca/en/online-grocery/search-page-557
LA MAISON DU GIBIER,Frozen Duck Meat,200 g,"$14.99
 ea.",,$7.50 /100g,"Regular price
$15.99  ea.","Valid until Jan 17, 2024",https://product-images.metro.ca/images/h72/hab/11449492340766.jpg,https://www.metro.ca/en/online-grocery/search-page-557
STARFRIT,Mandoline,1 un,"$10.29
 ea.",,$10.29 /un.,,,https://product-images.metro.ca/images/h1e/h15/12083903103006.jpg,https://www.metro.ca/en/online-grocery/search-page-557
VIGNOBLE D'OKA,Quebec Rosé Wine,750 mL,"$14.99
 ea.",,$2.00 /100ml,,,https://product-images.metro.ca/images/h41/hfa/8975210446878.jpg,https://www.metro.ca/en/online-grocery/search-page-557
,Previously Frozen Spiny Lobster Tail,"1 tail, 105 g","$8.49
 ea.",,$8.09 /100g,,,https://www.metro.ca/images/shared/placeholders/icon-no-picture.svg?v=2023.71.1.d1,https://www.metro.ca/en/online-grocery/search-page-557
BALATTI,Gluten Free Dill In Oil,110 g,"$5.99
 ea.",,$5.45 /100g,,,https://product-images.metro.ca/images/hb5/hda/11511614570526.jpg,https://www.metro.ca/en/online-grocery/search-page-557
DION,Organic Ground Nutmeg,45 g,"$10.29
 ea.",,$22.87 /100g,,,https://product-images.metro.ca/images/h47/hd4/10319490121758.jpg,https://www.metro.ca/en/online-grocery/search-page-557
NEAL BROTHERS,Organic Arrabbiata Pasta Sauce,680 mL,"$8.79
 ea.",,$1.29 /100ml,,,https://product-images.metro.ca/images/he1/h58/9519558033438.jpg,https://www.metro.ca/en/online-grocery/search-page-557
DION,Organic Celery Salt,71 g,"$4.99
 ea.",,$7.03 /100g,,,https://product-images.metro.ca/images/hdf/h00/10300123807774.jpg,https://www.metro.ca/en/online-grocery/search-page-557
OLA BAMBOO,Kid Bamboo Toothbrush,1 un,"$4.99
 ea.",,$4.99 /un.,,,https://product-images.metro.ca/images/hda/ha5/9508401348638.jpg,https://www.metro.ca/en/online-grocery/search-page-557
SO DELICIOUS,Non-Dairy Coconut-Almond Coconutmilk-Based Frozen De...,4x68 mL,"$7.49
 ea.",,$2.75 /100ml,,,,https://www.metro.ca/en/online-grocery/search-page-557
ADRIEN GAGNON,Chocolate Coffee Crunch Flavoured Meal Replacement B...,5x65 g,"$11.99
 ea.",,$3.69 /100g,,,,https://www.metro.ca/en/online-grocery/search-page-557
OMBRA,Mild Deo Roll-On,50 ml,"$4.49
 ea.",,$8.98 /100ml,,,https://product-images.metro.ca/images/h39/h16/11849307291678.jpg,https://www.metro.ca/en/online-grocery/search-page-557
DION,Organic Fine Herbs,6 g,"$4.99
 ea.",,$83.17 /100g,,,https://product-images.metro.ca/images/h7e/h33/10354867044382.jpg,https://www.metro.ca/en/online-grocery/search-page-557
BOB'S RED MILL,Baking Soda,454 g,"$4.99
 ea.",,$1.10 /100g,,,https://product-images.metro.ca/images/h74/had/10029215481886.jpg,https://www.metro.ca/en/online-grocery/search-page-557
,Arugula In A Pot,1 un,"$5.99
 ea.",,$5.99 /un.,,,https://product-images.metro.ca/images/hf3/he5/9916397879326.jpg,https://www.metro.ca/en/online-grocery/search-page-557
,Frozen Alder Wood Smoked Salmon Pieces,,"$6.61
 / 100 g",,$66.12 /kg$29.99 /lb.,,,https://product-images.metro.ca/images/h1b/hd0/8886354346014.jpg,https://www.metro.ca/en/online-grocery/search-page-557
STARFRIT,Apple Peeler,1 un,"$12.99
 ea.",,$12.99 /un.,,,https://product-images.metro.ca/images/h2a/hbd/9081467502622.jpg,https://www.metro.ca/en/online-grocery/search-page-557
PERSONNELLE,Tropical Breeze Scented Body Wash,621 mL,"$2.99
 ea.",,$0.48 /100ml,"Regular price
$3.79  ea.","Valid until Feb 7, 2024",https://product-images.metro.ca/images/h03/h18/9163669307422.jpg,https://www.metro.ca/en/online-grocery/search-page-557
NEAL BROTHERS,Organic Roasted Garlic Pasta Sauce,680 mL,"$8.79
 ea.",,$1.29 /100ml,,,https://product-images.metro.ca/images/h1a/h85/9519576449054.jpg,https://www.metro.ca/en/online-grocery/search-page-558
LA MAISON DU GIBIER,Frozen Lamb Fondue,200 g,"$14.99
 ea.",,$7.50 /100g,"Regular price
$15.99  ea.","Valid until Jan 17, 2024",https://product-images.metro.ca/images/h05/hc8/8929318207518.jpg,https://www.metro.ca/en/online-grocery/search-page-558
GOYA,Pozole White Hominy,822 g,"$4.29
 ea.",,$0.52 /100g,,,https://product-images.metro.ca/images/h79/ha9/9515496177694.jpg,https://www.metro.ca/en/online-grocery/search-page-558
L'ORÉAL,"Radical™ Extreme Hold Gel Fibre, Studio Line",150 ml,"$9.29
 ea.",,$6.19 /100ml,,,,https://www.metro.ca/en/online-grocery/search-page-558
LA MAISON DU GIBIER,Frozen Bison Meat,200 g,"$16.99
 ea.",,$8.50 /100g,"Regular price
$17.99  ea.","Valid until Jan 17, 2024",https://product-images.metro.ca/images/h8c/h65/11449571278878.jpg,https://www.metro.ca/en/online-grocery/search-page-558
AIR WICK,"Maui Mango Scented Mist Refill, Beach Escapes",2x20 ml,"$11.49
 ea.",,$28.73 /100ml,"Regular price
$12.99  ea.","Valid until Feb 7, 2024",,https://www.metro.ca/en/online-grocery/search-page-558
PERSONNELLE,Aloe Body Wash,621 mL,"$2.99
 ea.",,$0.48 /100ml,"Regular price
$3.79  ea.","Valid until Feb 7, 2024",https://product-images.metro.ca/images/hcc/h74/9679461875742.jpg,https://www.metro.ca/en/online-grocery/search-page-558
ALPEN SECRETS,Olive Oil Moisturizing Body Wash,500 ml,"$3.99
 ea.",,$0.80 /100ml,,,https://product-images.metro.ca/images/h7e/h99/11333026938910.jpg,https://www.metro.ca/en/online-grocery/search-page-558
JUNGLEMAX,5'' Twisted Stick Dog Treats,30 un,"$8.99
 ea.",,$0.30 /un.,,,https://product-images.metro.ca/images/h02/h3c/10244373774366.jpg,https://www.metro.ca/en/online-grocery/search-page-558
,Mini Mascarpone Tiramisu Mousse,110 g,"4 / 
$14.00",,or $4.49 ea. $3.18 /100g,,"Valid until Jan 17, 2024",https://product-images.metro.ca/images/h51/h69/10265572278302.jpg,https://www.metro.ca/en/online-grocery/search-page-558
MOON CHEESE,Gouda Cheese Puffs,57 g,"$6.29
 ea.",,$11.04 /100g,,,https://product-images.metro.ca/images/h8a/h23/9760686047262.jpg,https://www.metro.ca/en/online-grocery/search-page-558
BEYOND,"Whitefish And Eggs Dry Cat Food, Grain Free",1.36 kg,"$16.99
 ea.",,$1.25 /100g,,,,https://www.metro.ca/en/online-grocery/search-page-558
LA JARDINIÈRE,Greek Vegetable Seasoning,10 g,"$0.69
 ea.",,$6.90 /100g,,,https://www.metro.ca/images/shared/placeholders/icon-no-picture.svg?v=2023.71.1.d1,https://www.metro.ca/en/online-grocery/search-page-558
OLA BAMBOO,Adult Bamboo Medium Toothbrush,1 un,"$4.99
 ea.",,$4.99 /un.,,,https://product-images.metro.ca/images/hbc/hda/9508403413022.jpg,https://www.metro.ca/en/online-grocery/search-page-558
TRESEMMÉ,Color Revitalize Hair Conditioner,828 mL,"$7.49
 ea.",,$0.90 /100ml,,,https://product-images.metro.ca/images/hc0/hdb/11538260230174.jpg,https://www.metro.ca/en/online-grocery/search-page-558
NIVEA,"Originals™ Deep Cleaning Face Wash, Men",150 ml,"$9.99
 ea.",,$6.66 /100ml,,,,https://www.metro.ca/en/online-grocery/search-page-558
,Cream Cheesecake,2x60 g,"$4.29
 ea.",,$3.57 /100g,,,https://www.metro.ca/images/shared/placeholders/icon-no-picture.svg?v=2023.71.1.d1,https://www.metro.ca/en/online-grocery/search-page-558
ROUGIÉ,Duck Fois Gras,90 g,"$13.99
 ea.",,$15.54 /100g,"Regular price
$15.99  ea.","Valid until Jan 17, 2024",https://product-images.metro.ca/images/h77/h2a/8987871281182.jpg,https://www.metro.ca/en/online-grocery/search-page-558
DION,Organic Celery Seeds,43 g,"$6.99
 ea.",,$16.26 /100g,,,https://product-images.metro.ca/images/h6f/h0c/10354872549406.jpg,https://www.metro.ca/en/online-grocery/search-page-558
DION,Organic Italian Seasoning,19 g,"$5.29
 ea.",,$27.84 /100g,,,https://product-images.metro.ca/images/h20/h62/10354870714398.jpg,https://www.metro.ca/en/online-grocery/search-page-558
TONNINO,Light Tuna Fillets In Olive Oil,190 g,"$8.49
 ea.",,$4.47 /100g,"Regular price
$9.49  ea.","Valid until Jan 24, 2024",https://product-images.metro.ca/images/h50/hf8/10475450302494.jpg,https://www.metro.ca/en/online-grocery/search-page-558
DION,Organic Garlic Salt,91 g,"$4.99
 ea.",,$5.48 /100g,,,https://product-images.metro.ca/images/h77/h56/10344203223070.jpg,https://www.metro.ca/en/online-grocery/search-page-558
BIOS,Candy & Deep Fry Thermometer,1 un,"$4.99
 ea.",,$4.99 /un.,,,https://product-images.metro.ca/images/hb7/h90/11521253212190.jpg,https://www.metro.ca/en/online-grocery/search-page-558
AKI SUSHI,"Citrus Mayonnaise, California Sauce",240 mL,"$5.99
 ea.",,$2.50 /100ml,,,,https://www.metro.ca/en/online-grocery/search-page-558
STARFRIT,Collapsible Measuring Cups,5 un,"$10.39
 ea.",,$2.08 /un.,,,https://product-images.metro.ca/images/h78/h6e/8882802556958.jpg,https://www.metro.ca/en/online-grocery/search-page-558
TRUDEAU,Wine Aerator,1 un,"$10.99
 ea.",,$10.99 /un.,,,https://product-images.metro.ca/images/hfa/hac/9106914705438.jpg,https://www.metro.ca/en/online-grocery/search-page-558
JUNGLEMAX,Kebad Dog Treats,3 un,"$7.79
 ea.",,$7.79 /un.,,,https://product-images.metro.ca/images/h69/h7f/8868105060382.jpg,https://www.metro.ca/en/online-grocery/search-page-558
PREMIÈRE MOISSON,Pure Butter Puff Pastry,400 g,"$7.99
 ea.",,$2.00 /100g,"Regular price
$8.79  ea.","Valid until Jan 17, 2024",https://product-images.metro.ca/images/h46/hfe/11570943852574.jpg,https://www.metro.ca/en/online-grocery/search-page-558
LIVE CLEAN,Coconut Milk Moisturizing Conditioner,350 mL,"$7.99
 ea.",,$2.28 /100ml,,,https://product-images.metro.ca/images/hc9/h66/10365199908894.jpg,https://www.metro.ca/en/online-grocery/search-page-558
MAGNUM,White Chocolate Coated Strawberry And Cream Flavoure...,3x100 mL,"$7.99
 ea.",,$2.66 /100ml,,,,https://www.metro.ca/en/online-grocery/search-page-558
PERRIER,Strawberry And Kiwi Flavoured Sparkling Water,300 mL,"$1.79
 ea.",,$0.54 /100ml,,,https://product-images.metro.ca/images/hd0/hdb/9530750795806.jpg,https://www.metro.ca/en/online-grocery/search-page-559
PERSONNELLE,Lavender Scented Body Wash,621 mL,"$2.99
 ea.",,$0.48 /100ml,"Regular price
$3.79  ea.","Valid until Feb 7, 2024",https://product-images.metro.ca/images/h14/h79/9719760453662.jpg,https://www.metro.ca/en/online-grocery/search-page-559
DION,Organic Ground Allspice,32 g,"$3.99
 ea.",,$12.47 /100g,,,https://product-images.metro.ca/images/h2d/h44/10413197295646.jpg,https://www.metro.ca/en/online-grocery/search-page-559
LA MAISON DU GIBIER,Frozen Deer Meat,200 g,"$14.99
 ea.",,$7.50 /100g,"Regular price
$15.99  ea.","Valid until Jan 17, 2024",https://product-images.metro.ca/images/h2f/h13/11449571639326.jpg,https://www.metro.ca/en/online-grocery/search-page-559
DION,Ground Mace,36 g,"$8.29
 ea.",,$23.03 /100g,,,https://product-images.metro.ca/images/hf3/ha7/9530364788766.jpg,https://www.metro.ca/en/online-grocery/search-page-559
GLYCERODERMINE,Dermatological Skin Cream,240 ml,"$10.99
 ea.",,$4.58 /100ml,,,https://product-images.metro.ca/images/h72/h24/9526143811614.jpg,https://www.metro.ca/en/online-grocery/search-page-559
SILK,Organic Unsweetened Soy Plant-Based Beverage,946 mL,"$3.39
 ea.",,$0.36 /100ml,,,https://product-images.metro.ca/images/h17/h04/12210189565982.jpg,https://www.metro.ca/en/online-grocery/search-page-559
METROGO!,Fresh Salmon Skewers,2 per tray,"$18.18
 avg. ea.",(375 g avg.),$48.48 /kg$21.99 /lb.,,,https://product-images.metro.ca/images/h59/h61/11351654432798.jpg,https://www.metro.ca/en/online-grocery/search-page-559
DION,Cardamom Seeds,43 g,"$9.99
 ea.",,$23.23 /100g,,,https://product-images.metro.ca/images/h36/h22/8887886413854.jpg,https://www.metro.ca/en/online-grocery/search-page-559
PREMIÈRE MOISSON,All Purpose Pie Crust,328 g,"$6.49
 ea.",,$1.98 /100g,"Regular price
$6.79  ea.","Valid until Jan 17, 2024",https://product-images.metro.ca/images/h7b/h8b/11570942803998.jpg,https://www.metro.ca/en/online-grocery/search-page-559
,Fresh Atlantic Salmon Steak,,"$10.47
 avg. ea.",(250 g avg.),$41.87 /kg$18.99 /lb.,,,https://product-images.metro.ca/images/h26/h4b/10686263427102.jpg,https://www.metro.ca/en/online-grocery/search-page-559
AKI SUSHI,"Sesame Mayonnaise, Aki Sauce",240 mL,"$5.99
 ea.",,$2.50 /100ml,,,,https://www.metro.ca/en/online-grocery/search-page-559
STARFRIT,Collapsible Salad Spinner,1 un,"$18.99
 ea.",,$18.99 /un.,,,https://product-images.metro.ca/images/h26/h04/9527210475550.jpg,https://www.metro.ca/en/online-grocery/search-page-559
AKI SUSHI,"Spicy Mayonnaise, Fuji Sauce",240 mL,"$5.99
 ea.",,$2.50 /100ml,,,,https://www.metro.ca/en/online-grocery/search-page-559
TREE OF LIFE,Organic Crushed Tomatoes,796 mL,"$4.49
 ea.",,$0.56 /100ml,"Regular price
$5.79  ea.","Valid until Jan 24, 2024",https://product-images.metro.ca/images/hbb/h4f/8971510317086.jpg,https://www.metro.ca/en/online-grocery/search-page-559
FOUR O'CLOCK,"Decongestant Cold Herbal Tea, Herbalist",20 un,"$5.99
 ea.",,$0.30 /un.,,,,https://www.metro.ca/en/online-grocery/search-page-559
AXE,Apollo 2 In 1 Shampoo And Conditioner,473 mL,"$6.49
 ea.",,$1.37 /100ml,,,https://product-images.metro.ca/images/hae/h18/11570887327774.jpg,https://www.metro.ca/en/online-grocery/search-page-559
THE UNSCENTED COMPANY,Fragrance-Free Dish Soap,750 mL,"$4.99
 ea.",,$0.67 /100ml,,,https://product-images.metro.ca/images/hfb/h94/11583135645726.jpg,https://www.metro.ca/en/online-grocery/search-page-559
BARQ'S,Root Beer,4x355 mL,"$8.49
 ea.",,$0.60 /100ml,,,https://product-images.metro.ca/images/h1e/h78/10495800147998.jpg,https://www.metro.ca/en/online-grocery/search-page-559
TRESEMMÉ,24 Hour Body® Volume Shampoo,828 mL,"$7.49
 ea.",,$0.90 /100ml,,,https://product-images.metro.ca/images/h21/h71/11538263736350.jpg,https://www.metro.ca/en/online-grocery/search-page-559
LITEHOUSE,Organic Caesar Dressing,332 mL,"$6.99
 ea.",,$2.11 /100ml,,,https://product-images.metro.ca/images/hb5/h84/11849462972446.jpg,https://www.metro.ca/en/online-grocery/search-page-559
NAFSIKA'S GARDEN,Vegan Gouda Cheese,200 g,"$4.99
 ea.",,$2.50 /100g,,,https://product-images.metro.ca/images/h97/hd2/11257162661918.jpg,https://www.metro.ca/en/online-grocery/search-page-559
PERSONNELLE,Cocoa Butter Moisturizing Body Lotion,600 ml,"$5.99
 ea.",,$1.00 /100ml,,,https://product-images.metro.ca/images/he2/hed/9163713740830.jpg,https://www.metro.ca/en/online-grocery/search-page-559
BARBARA'S,"Cinnamon Cereal, Puffins",283 g,"$6.99
 ea.",,$2.47 /100g,,,,https://www.metro.ca/en/online-grocery/search-page-559
MOON CHEESE,Pepper Jack Cheese Puffs,57 g,"$6.29
 ea.",,$11.04 /100g,,,https://product-images.metro.ca/images/hbe/he1/9760686211102.jpg,https://www.metro.ca/en/online-grocery/search-page-559
BEYOND,"Chicken And Whole Oat Adult Dry Cat Food, Simply",1.36 kg,"$16.99
 ea.",,$1.25 /100g,,,,https://www.metro.ca/en/online-grocery/search-page-559
DION,Bloody Caesar Seasoning,75 g,"$4.39
 ea.",,$5.85 /100g,,,https://product-images.metro.ca/images/h5b/hfe/10319471935518.jpg,https://www.metro.ca/en/online-grocery/search-page-559
PURINA ONE,"Chicken Bites Dog Treats, True Instinct",198 g,"$6.99
 ea.",,$3.53 /100g,,,,https://www.metro.ca/en/online-grocery/search-page-559
LAKEWOOD,Organic Beet Juice,946 mL,"$10.99
 ea.",,$1.16 /100ml,,,https://product-images.metro.ca/images/h5a/hff/11679648481310.jpg,https://www.metro.ca/en/online-grocery/search-page-559
KIND,"Gluten Free Dark Chocolate, Almond And Sea Salt Nut ...",12x40 g,"$23.79
 ea.",,$4.96 /100g,"Regular price
$25.99  ea.","Valid until Feb 7, 2024",,https://www.metro.ca/en/online-grocery/search-page-559
CUISINE L'ANGÉLIQUE,Organic Chocolate Divine Cake Mix,485 g,"$8.29
 ea.",,$1.71 /100g,,,https://product-images.metro.ca/images/h35/h4c/12050776719390.jpg,https://www.metro.ca/en/online-grocery/search-page-560
,"Bag Of Organic Apples, Gala",3 lb,"$6.99
 ea.",,$0.51 /100g,,,,https://www.metro.ca/en/online-grocery/search-page-560
MICROBRASSERIE À LA FÛT,"Scotch Ale Beer, Sir Wallace",473 mL,"$5.49
 ea.",,$1.16 /100ml,"Regular price
$5.99  ea.","Valid until Feb 7, 2024",,https://www.metro.ca/en/online-grocery/search-page-560
AXE,"Total Fresh 3 In 1 Shampoo, Conditioner And Body Wash",473 mL,"$6.49
 ea.",,$1.37 /100ml,,,https://product-images.metro.ca/images/h15/h9b/12279439032350.jpg,https://www.metro.ca/en/online-grocery/search-page-560
DION,Organic Minced Garlic,55 g,"$4.69
 ea.",,$8.53 /100g,,,https://product-images.metro.ca/images/hdc/hc7/10378888773662.jpg,https://www.metro.ca/en/online-grocery/search-page-560
MOISSONNERIES DU PAYS,Organic Raw Whole Buckwheat Groats,450 g,"$3.99
 ea.",,$0.89 /100g,"Regular price
$4.29  ea.","Valid until Feb 7, 2024",https://product-images.metro.ca/images/h2a/h76/11157683863582.jpg,https://www.metro.ca/en/online-grocery/search-page-560
ROSE HILL FOODS,Vegetable Soup Base Without Fat,250 g,"$2.49
 ea.",,$1.00 /100g,,,https://product-images.metro.ca/images/h8a/h0b/10475434672158.jpg,https://www.metro.ca/en/online-grocery/search-page-560
,Cherry Tomatoes,1.5 lb,"$9.99
 ea.",,$1.47 /100g,,,https://product-images.metro.ca/images/h02/hc6/9363135692830.jpg,https://www.metro.ca/en/online-grocery/search-page-560
NAIR,Ready To Use Legs & Body Wax Strips,40 un,"$18.49
 ea.",,$0.46 /un.,,,https://product-images.metro.ca/images/hcd/haa/12050601738270.jpg,https://www.metro.ca/en/online-grocery/search-page-560
TRUDEAU,Silicone Spatula 12'',1 un,"$6.49
 ea.",,$6.49 /un.,,,https://product-images.metro.ca/images/h8e/hdf/10268247523358.jpg,https://www.metro.ca/en/online-grocery/search-page-560
TWISTED TEA,Original Flavoured Alcoholic Malt Iced Tea,473 mL,"2 / 
$6.50",,$0.69 /100ml,"Regular price
$3.49  ea.","Valid until Feb 7, 2024",https://product-images.metro.ca/images/h8c/h2d/11849499312158.jpg,https://www.metro.ca/en/online-grocery/search-page-560
TRADITION,Sparkling Apple Juice,750 mL,"$5.49
 ea.",,$0.73 /100ml,"Regular price
$6.99  ea.","Valid until Jan 10, 2024",https://product-images.metro.ca/images/he3/h7c/9532755181598.jpg,https://www.metro.ca/en/online-grocery/search-page-560
,Dragon Fruit,1 un,"$4.99
 ea.",,$4.99 /un.,,,https://product-images.metro.ca/images/h66/h02/8871608614942.jpg,https://www.metro.ca/en/online-grocery/search-page-560
CEDAR,Pickled Gherkins,500 mL,"$3.99
 ea.",,$0.80 /100ml,,,https://product-images.metro.ca/images/hda/hf1/8896323878942.jpg,https://www.metro.ca/en/online-grocery/search-page-560
PERSONNELLE,Regular Shave Cream,311 g,"$3.69
 ea.",,$1.19 /100g,,,https://product-images.metro.ca/images/hd8/hf2/9174807674910.jpg,https://www.metro.ca/en/online-grocery/search-page-560
NATURE'S PATH,Organic Frosted Strawberry Toaster Pastries,312 g,"$5.49
 ea.",,$1.76 /100g,"Regular price
$5.99  ea.","Valid until Feb 7, 2024",https://product-images.metro.ca/images/hce/hc9/11022147584030.jpg,https://www.metro.ca/en/online-grocery/search-page-560
KITCHEN BASICS,Chicken Broth,946 mL,"$4.49
 ea.",,$0.47 /100ml,,,https://product-images.metro.ca/images/h1c/hb8/11198095392798.jpg,https://www.metro.ca/en/online-grocery/search-page-560
NAFSIKA'S GARDEN,Vegan Feta Cheese,200 g,"$6.79
 ea.",,$3.40 /100g,,,https://product-images.metro.ca/images/h4a/ha5/11257171738654.jpg,https://www.metro.ca/en/online-grocery/search-page-560
CIDRERIE PETIT & FILS,Carbonated Crackling Pear Flavoured Cider,4x355 mL,"$9.99
 ea.",,$0.70 /100ml,"Regular price
$12.99  ea.","Valid until Feb 7, 2024",https://product-images.metro.ca/images/hf9/h80/10268322299934.jpg,https://www.metro.ca/en/online-grocery/search-page-560
,Salted Herb,500 mL,"$5.99
 ea.",,$5.99 /un.,,,https://product-images.metro.ca/images/h62/h35/9647057305630.jpg,https://www.metro.ca/en/online-grocery/search-page-560
COLGATE,"Clean Mint Whitening Toothpaste, MaxFresh",150 ml,"$3.99
 ea.",,$2.66 /100ml,"Regular price
$4.99  ea.","Valid until Feb 7, 2024",,https://www.metro.ca/en/online-grocery/search-page-560
ROUGIÉ,Canned Duck Foie Gras With Truffe,90 g,"$19.99
 ea.",,$22.21 /100g,,,https://product-images.metro.ca/images/h07/hf5/9530485243934.jpg,https://www.metro.ca/en/online-grocery/search-page-560
VEGAN TOUCH,Romanoff Rosee Style Vegan Pasta Sauce,580 mL,"$10.99
 ea.",,$1.89 /100ml,,,https://product-images.metro.ca/images/hbf/h07/11511682203678.jpg,https://www.metro.ca/en/online-grocery/search-page-560
,Ladybug Candles,4 un,"$4.19
 ea.",,$4.19 /un.,,,https://product-images.metro.ca/images/h3e/hf9/8975676080158.jpg,https://www.metro.ca/en/online-grocery/search-page-560
AVEENO,Daily Moisturizing Body Wash,532 ml,"$12.49
 ea.",,$2.35 /100ml,,,https://product-images.metro.ca/images/h1f/hf2/11590649741342.jpg,https://www.metro.ca/en/online-grocery/search-page-560
TRUDEAU MAISON,Tropical Fruit Container,1 un,"$4.99
 ea.",,$4.99 /un.,,,https://product-images.metro.ca/images/h12/h54/12083985711134.jpg,https://www.metro.ca/en/online-grocery/search-page-560
LES COMTES DE PROVENCE,Organic Strawberry Jam,250 mL,"$7.49
 ea.",,$3.00 /100ml,"Regular price
$7.99  ea.","Valid until Feb 7, 2024",https://product-images.metro.ca/images/hc0/h7f/9429549416478.jpg,https://www.metro.ca/en/online-grocery/search-page-560
LITEHOUSE,Organic Ranch Dressing,332 mL,"$6.99
 ea.",,$2.11 /100ml,,,https://product-images.metro.ca/images/hf7/hd6/11849462120478.jpg,https://www.metro.ca/en/online-grocery/search-page-560
TONNINO,Light Tuna Fillets In Spring Water,190 g,"$8.49
 ea.",,$4.47 /100g,"Regular price
$9.49  ea.","Valid until Jan 24, 2024",https://product-images.metro.ca/images/h30/hde/10475451219998.jpg,https://www.metro.ca/en/online-grocery/search-page-560
,Bag Of Bean Sprouts,454 g,"$3.49
 ea.",,$0.77 /100g,,,https://product-images.metro.ca/images/h64/h9d/9335893458974.jpg,https://www.metro.ca/en/online-grocery/search-page-560
KIND,"Gluten Free Caramel, Almond And Sea Salt Bars",12x40 g,"$23.79
 ea.",,$4.96 /100g,"Regular price
$25.99  ea.","Valid until Feb 7, 2024",https://product-images.metro.ca/images/hbd/hc2/11679644418078.jpg,https://www.metro.ca/en/online-grocery/search-page-561
TWISTED TEA,"Alcoholic Malt Iced Tea Variety Pack, Twisted Tea",12x355 mL,"$20.99
 ea.",,$0.49 /100ml,"Regular price
$21.99  ea.","Valid until Feb 7, 2024",,https://www.metro.ca/en/online-grocery/search-page-561
AXE,Ice Chill Bodyspray,113 g,"$6.99
 ea.",,$6.19 /100g,,,https://product-images.metro.ca/images/h6d/h1a/11570907775006.jpg,https://www.metro.ca/en/online-grocery/search-page-561
EL-MA-MIA,Toscana Style Seafood Seasoning,2x55 g,"$4.99
 ea.",,$4.54 /100g,,,https://product-images.metro.ca/images/hc4/h4c/9145868124190.jpg,https://www.metro.ca/en/online-grocery/search-page-561
,Salted Herb,250 mL,"$3.99
 ea.",,$1.60 /100ml,,,https://product-images.metro.ca/images/hb8/he1/9647670853662.jpg,https://www.metro.ca/en/online-grocery/search-page-561
DION,Organic BBQ Spices,55 g,"$5.29
 ea.",,$9.62 /100g,,,https://product-images.metro.ca/images/he2/hd2/10344179433502.jpg,https://www.metro.ca/en/online-grocery/search-page-561
STARFRIT,Electronic Kitchen Scale,1 un,"$29.99
 ea.",,$29.99 /un.,,,https://product-images.metro.ca/images/h8e/h44/9526746742814.jpg,https://www.metro.ca/en/online-grocery/search-page-561
LES CAPRICES D'ANTAN,Balsamic Roasted Onions And Apple Dressing,250 mL,"$4.99
 ea.",,$2.00 /100ml,,,https://product-images.metro.ca/images/hd7/h93/9429536342046.jpg,https://www.metro.ca/en/online-grocery/search-page-561
KIND,"Dark Chocolate And Cocoa Bars, Breakfast",4x50 g,"$4.99
 ea.",,$9.98 /100g,,,,https://www.metro.ca/en/online-grocery/search-page-561
,Bag Of Carrots,2 lb,"$1.99
 ea.",,$0.22 /100g,"Regular price
$2.99  ea.","Valid until Jan 10, 2024",https://product-images.metro.ca/images/h0b/h3f/9232865886238.jpg,https://www.metro.ca/en/online-grocery/search-page-561
PERSONNELLE,Shave Cream For Sensitive Skin,311 g,"$3.69
 ea.",,$1.19 /100g,,,https://product-images.metro.ca/images/h86/hcf/9174814916638.jpg,https://www.metro.ca/en/online-grocery/search-page-561
MICHELOB ULTRA,Light Lager Beer,6x355 mL - cans,"$14.49
 ea.",,$0.68 /100ml,,,https://product-images.metro.ca/images/h36/h08/10768782688286.jpg,https://www.metro.ca/en/online-grocery/search-page-561
LITEHOUSE,Organic Balsamic Vinaigrette Dressing,332 mL,"$6.99
 ea.",,$2.11 /100ml,,,https://product-images.metro.ca/images/h25/h8c/11849461170206.jpg,https://www.metro.ca/en/online-grocery/search-page-561
LE BONHEUR EST DANS L'ASSIETTE!,La Rustique Soup Kit,275 g,"$8.99
 ea.",,$3.27 /100g,"Regular price
$9.99  ea.","Valid until Jan 24, 2024",https://product-images.metro.ca/images/hc1/hb4/9871740698654.jpg,https://www.metro.ca/en/online-grocery/search-page-561
DION,Organic Crushed Mint,13 g,"$4.99
 ea.",,$38.38 /100g,,,https://product-images.metro.ca/images/he9/hfc/10344188674078.jpg,https://www.metro.ca/en/online-grocery/search-page-561
BOB'S RED MILL,Egg Replacer,340 g,"$6.99
 ea.",,$2.06 /100g,,,https://product-images.metro.ca/images/hec/h06/10020670537758.jpg,https://www.metro.ca/en/online-grocery/search-page-561
JUNGLEMAX,6''-6.5'' White Knotted Bones,2 un,"$9.99
 ea.",,$9.99 /un.,,,https://product-images.metro.ca/images/hae/h9a/8868373626910.jpg,https://www.metro.ca/en/online-grocery/search-page-561
VEGAN TOUCH,Bolognese Style Vegan Pasta Sauce,580 mL,"$10.99
 ea.",,$1.89 /100ml,,,https://product-images.metro.ca/images/h01/h36/11511681777694.jpg,https://www.metro.ca/en/online-grocery/search-page-561
JUNGLEMAX,5'' Bacon Twisted Stick Dog Treats,4 un,"$7.49
 ea.",,$1.87 /un.,,,https://product-images.metro.ca/images/h52/h73/10246469189662.jpg,https://www.metro.ca/en/online-grocery/search-page-561
YOGI,Organic Egyptian Licorice™ Herbal Tea,16 un,"$6.49
 ea.",,$0.41 /un.,,,https://product-images.metro.ca/images/he2/h8d/11432757428254.jpg,https://www.metro.ca/en/online-grocery/search-page-561
MASRA,Date Molasses,250 mL,"$6.99
 ea.",,$2.80 /100ml,,,https://product-images.metro.ca/images/ha9/hcd/8848665346078.jpg,https://www.metro.ca/en/online-grocery/search-page-561
LES CAPRICES D'ANTAN,Raspberry And Apple Dressing,250 mL,"$4.99
 ea.",,$2.00 /100ml,,,https://product-images.metro.ca/images/h27/h20/9429534867486.jpg,https://www.metro.ca/en/online-grocery/search-page-561
AXE,Ice Chillin' Shower Gel,473 ml,"$6.99
 ea.",,$1.48 /100ml,,,https://product-images.metro.ca/images/he8/hf8/11590733463582.jpg,https://www.metro.ca/en/online-grocery/search-page-561
LE CHÂTEAU DE MIEL,Natural Honey,1 kg,"$12.99
 ea.",,$1.30 /100g,,,https://product-images.metro.ca/images/h29/he1/8923689156638.jpg,https://www.metro.ca/en/online-grocery/search-page-561
,Stimpson Surf Clam Chowder,338 mL,"$9.99
 ea.",,$2.96 /100ml,,,https://product-images.metro.ca/images/he1/h2c/11742387634206.jpg,https://www.metro.ca/en/online-grocery/search-page-561
TRUDEAU MAISON,12'' Pastry Brush,1 un,"$5.29
 ea.",,$5.29 /un.,,,https://product-images.metro.ca/images/h87/h30/12083971719198.jpg,https://www.metro.ca/en/online-grocery/search-page-561
KIND,"Almond Butter Bars, Breakfast",4x50 g,"$4.99
 ea.",,$9.98 /100g,,,,https://www.metro.ca/en/online-grocery/search-page-561
AIR HEADS,Fruit Flavoured Soft Filled Candy Bites,170 g,"$2.69
 ea.",,$1.58 /100g,,,https://product-images.metro.ca/images/h10/h7f/11281615290398.jpg,https://www.metro.ca/en/online-grocery/search-page-561
LE MIEL D'ÉMILIE,Golden Liquid Honey,250 g,"$6.99
 ea.",,$2.80 /100g,,,https://product-images.metro.ca/images/he3/h70/9189734088734.jpg,https://www.metro.ca/en/online-grocery/search-page-561
PERSONNELLE,Field Of Lavender Scented Foam Bath,1 L,"$3.99
 ea.",,$0.40 /100ml,"Regular price
$4.99  ea.","Valid until Feb 7, 2024",https://product-images.metro.ca/images/h5e/h29/9104875651102.jpg,https://www.metro.ca/en/online-grocery/search-page-561
KITCHEN BASICS,Beef Broth,946 mL,"$4.49
 ea.",,$0.47 /100ml,,,https://product-images.metro.ca/images/hcf/h63/11198095622174.jpg,https://www.metro.ca/en/online-grocery/search-page-562
STARFRIT,Chopper,1 un,"$14.39
 ea.",,$14.39 /un.,,,https://product-images.metro.ca/images/hdb/hb2/9527215947806.jpg,https://www.metro.ca/en/online-grocery/search-page-562
LES COMTES DE PROVENCE,Organic Apricot Jam,250 mL,"$7.49
 ea.",,$3.00 /100ml,"Regular price
$7.99  ea.","Valid until Feb 7, 2024",https://product-images.metro.ca/images/h07/h27/9429550858270.jpg,https://www.metro.ca/en/online-grocery/search-page-562
YOFIIT,Original Flavour Chickpea Beverage,946 mL,"$4.49
 ea.",,$0.47 /100ml,"Regular price
$4.99  ea.","Valid until Jan 10, 2024",https://product-images.metro.ca/images/h9d/h9a/11351683334174.jpg,https://www.metro.ca/en/online-grocery/search-page-562
NAIR,Candy Apple Scent Sugar Wax,300 g,"$18.49
 ea.",,$6.16 /100g,,,https://product-images.metro.ca/images/hd7/h9c/9521607147550.jpg,https://www.metro.ca/en/online-grocery/search-page-562
GARDEIN,Frozen Fish-Free Crabless Cakes,205 g,"$3.74
 ea.",,$1.82 /100g,"Regular price
$7.49  ea.","Valid until Apr 11, 2024",https://product-images.metro.ca/images/h83/h4b/12191767068702.jpg,https://www.metro.ca/en/online-grocery/search-page-562
NATURE'S PATH,Organic Frosted Chocolate Toaster Pastries,312 g,"$5.49
 ea.",,$1.76 /100g,"Regular price
$5.99  ea.","Valid until Feb 7, 2024",https://product-images.metro.ca/images/h9d/he0/9187277406238.jpg,https://www.metro.ca/en/online-grocery/search-page-562
CÔTE ST-HERMAS,Quebec Red Wine,750 mL,"$17.99
 ea.",,$2.40 /100ml,,,https://product-images.metro.ca/images/hef/h5f/9288343191582.jpg,https://www.metro.ca/en/online-grocery/search-page-562
PERSONNELLE,"Disposable Razors For Men, Action3",4 un,"$5.99
 ea.",,$1.50 /un.,,,,https://www.metro.ca/en/online-grocery/search-page-562
SAINT-ARNOULD MICROBREWERY,"Belgian-Style Blonde Beer, La Noblesse",500 mL - bottle,"$5.99
 ea.",,$1.20 /100ml,,,,https://www.metro.ca/en/online-grocery/search-page-562
AKI SUSHI,Sushi Rice Vinegar,240 mL,"$3.49
 ea.",,$1.45 /100ml,,,https://product-images.metro.ca/images/hc9/hf0/11401296805918.jpg,https://www.metro.ca/en/online-grocery/search-page-562
BRITA,Filtering Water Bottle Replacement Filters,2 un,"$7.99
 ea.",,$7.99 /un.,,,https://product-images.metro.ca/images/h80/h15/11570794266654.jpg,https://www.metro.ca/en/online-grocery/search-page-562
VEGAN TOUCH,Primavera Style Vegan Pasta Sauce,580 mL,"$10.99
 ea.",,$1.89 /100ml,,,https://product-images.metro.ca/images/h05/h53/11511683514398.jpg,https://www.metro.ca/en/online-grocery/search-page-562
CLASSICO,Organic Sweet Tomato And Basil Pasta Sauce,650 mL,"$5.79
 ea.",,$0.89 /100ml,,,https://product-images.metro.ca/images/h6b/hee/9987144187934.jpg,https://www.metro.ca/en/online-grocery/search-page-562
METROGO!,Summer Fruit Salad,1.2 kg,"$15.99
 ea.",,$1.33 /100g,,,https://www.metro.ca/images/shared/placeholders/icon-no-picture.svg?v=2023.71.1.d1,https://www.metro.ca/en/online-grocery/search-page-562
LA MILANAISE,Organic Unbleached All-Purpose White Flour,5 kg,"$22.49
 ea.",,$0.45 /100g,,,https://product-images.metro.ca/images/hc4/h74/10040169136158.jpg,https://www.metro.ca/en/online-grocery/search-page-562
KIND,"Peanut Butter Bars, Breakfast",4x50 g,"$4.99
 ea.",,$9.98 /100g,,,,https://www.metro.ca/en/online-grocery/search-page-562
,White Onions,1 kg,"$4.99
 ea.",,$0.50 /100g,,,https://product-images.metro.ca/images/h14/hbd/8898299265054.jpg,https://www.metro.ca/en/online-grocery/search-page-562
,Rainbow Swiss Chard,1 bunch,"$4.99
 ea.",,$4.99 /un.,,,https://product-images.metro.ca/images/h1b/h07/8898196701214.jpg,https://www.metro.ca/en/online-grocery/search-page-562
COLGATE,"Medium Toothbrushes, 360",2 un,"$11.49
 ea.",,$5.75 /un.,,,,https://www.metro.ca/en/online-grocery/search-page-562
TRUDEAU,Raclette Spatula,1 un,"$1.25
 ea.",,$1.25 /un.,,,https://product-images.metro.ca/images/hb9/ha4/9014778658846.jpg,https://www.metro.ca/en/online-grocery/search-page-562
EL-MA-MIA,Italian Style Trout Seasoning,2x55 g,"$4.99
 ea.",,$4.54 /100g,,,https://product-images.metro.ca/images/h23/h4e/9145691308062.jpg,https://www.metro.ca/en/online-grocery/search-page-562
LES CAPRICES D'ANTAN,Mango And Ginger Dressing,250 mL,"$4.99
 ea.",,$2.00 /100ml,,,https://product-images.metro.ca/images/h46/h07/9429536407582.jpg,https://www.metro.ca/en/online-grocery/search-page-562
LE BONHEUR EST DANS L'ASSIETTE!,Israeli Couscous,250 g,"$9.99
 ea.",,$4.00 /100g,,,https://product-images.metro.ca/images/h88/h5d/9288479571998.jpg,https://www.metro.ca/en/online-grocery/search-page-562
LE SIEUR,Canned Green Peas 1/3 Less Salt,398 mL,"$2.79
 ea.",,$0.70 /100ml,,,https://product-images.metro.ca/images/h4c/ha6/8848769417246.jpg,https://www.metro.ca/en/online-grocery/search-page-562
LES COMTES DE PROVENCE,Organic Orange Jam,250 mL,"$7.49
 ea.",,$3.00 /100ml,"Regular price
$7.99  ea.","Valid until Feb 7, 2024",https://product-images.metro.ca/images/h44/hf9/9429551251486.jpg,https://www.metro.ca/en/online-grocery/search-page-562
GILLETTE,"Men'S Razor, Fusion5",1 un,"$18.99
 ea.",,$18.99 /un.,,,,https://www.metro.ca/en/online-grocery/search-page-562
DION,Organic Anise Seeds,36 g,"$5.79
 ea.",,$16.08 /100g,,,https://product-images.metro.ca/images/h80/hb1/10300125741086.jpg,https://www.metro.ca/en/online-grocery/search-page-562
KIND,"Gluten Free Dark Chocolate, Cherry And Cashews Bars","12x40 g, 12 bars","$23.79
 ea.",,$4.96 /100g,"Regular price
$25.99  ea.","Valid until Feb 7, 2024",https://product-images.metro.ca/images/h8d/h64/11679644745758.jpg,https://www.metro.ca/en/online-grocery/search-page-562
YOGI,Organic Green Tea Kombucha,16 un,"$3.24
 ea.",,$0.20 /un.,"Regular price
$6.49  ea.","Valid until Apr 18, 2024",https://product-images.metro.ca/images/h6f/hd3/11432756641822.jpg,https://www.metro.ca/en/online-grocery/search-page-562
LE BONHEUR EST DANS L'ASSIETTE!,L'Italienne Lunch-Soup Kit,215 g,"$8.99
 ea.",,$4.18 /100g,"Regular price
$9.99  ea.","Valid until Jan 24, 2024",https://product-images.metro.ca/images/h74/h9e/9288499232798.jpg,https://www.metro.ca/en/online-grocery/search-page-563
LE BONHEUR EST DANS L'ASSIETTE!,Greek Style Quinoa And Cranberries Salad,350 g,"$8.99
 ea.",,$2.57 /100g,,,https://product-images.metro.ca/images/h45/ha8/9288705998878.jpg,https://www.metro.ca/en/online-grocery/search-page-563
DENTALIFE,"Oral Care Dog Treats For Small-Medium Breeds, ActivF...",172 g,"$3.99
 ea.",,$2.32 /100g,"Regular price
$4.49  ea.","Valid until Jan 10, 2024",,https://www.metro.ca/en/online-grocery/search-page-563
LES COMTES DE PROVENCE,Organic Cherry Jam,250 mL,"$7.49
 ea.",,$3.00 /100ml,"Regular price
$7.99  ea.","Valid until Feb 7, 2024",https://product-images.metro.ca/images/h12/h8b/9429549449246.jpg,https://www.metro.ca/en/online-grocery/search-page-563
,Green Frog Candles,6 un,"$4.29
 ea.",,$4.29 /un.,,,https://product-images.metro.ca/images/h94/hcf/8975106113566.jpg,https://www.metro.ca/en/online-grocery/search-page-563
DOVE,"Hydrating Body And Face Wash, Men+Care",695 mL,"$9.49
 ea.",,$1.37 /100ml,"Regular price
$10.99  ea.","Valid until Feb 7, 2024",,https://www.metro.ca/en/online-grocery/search-page-563
ATTITUDE,Soy Protein And Cranberries Volume And Shine Hypoal...,240 mL,"$10.29
 ea.",,$4.29 /100ml,"Regular price
$11.99  ea.","Valid until Feb 7, 2024",,https://www.metro.ca/en/online-grocery/search-page-563
TRUDEAU MAISON,Can Piercer And Bottle Opener,1 un,"$3.99
 ea.",,$3.99 /un.,,,https://product-images.metro.ca/images/h28/hd0/12084054327326.jpg,https://www.metro.ca/en/online-grocery/search-page-563
,Black Mission Figs,227 g,"$6.99
 ea.",,$3.08 /100g,,,https://product-images.metro.ca/images/he1/hc4/9182873681950.jpg,https://www.metro.ca/en/online-grocery/search-page-563
AGGA COFFEE,Intenso Nespresso® Coffee Pods,40 un,"$20.99
 ea.",,$0.52 /un.,,,https://product-images.metro.ca/images/h00/h71/12050878627870.jpg,https://www.metro.ca/en/online-grocery/search-page-563
METROGO!,Citrus Platter,,"$6.99
 ea.",,$0.93 /100g,,,https://product-images.metro.ca/images/heb/hb5/9279588171806.jpg,https://www.metro.ca/en/online-grocery/search-page-563
WHOLESOME,Organic Light Brown Sugar,681 g,"$9.49
 ea.",,$1.40 /100g,,,https://product-images.metro.ca/images/h97/h13/9515364384798.jpg,https://www.metro.ca/en/online-grocery/search-page-563
ATTITUDE,Volume And Shine Soy Protein And Cranberries Hypoall...,473 mL,"$10.29
 ea.",,$2.18 /100ml,"Regular price
$11.99  ea.","Valid until Feb 7, 2024",,https://www.metro.ca/en/online-grocery/search-page-563
TONNINO,Light Tuna Ventresca In Olive Oil,190 g,"$10.99
 ea.",,$5.78 /100g,"Regular price
$11.99  ea.","Valid until Jan 24, 2024",https://product-images.metro.ca/images/h88/hfc/10475453284382.jpg,https://www.metro.ca/en/online-grocery/search-page-563
GOGO QUINOA,Organic Lentil And Quinoa Fusilli Pasta,227 g,"$4.69
 ea.",,$2.07 /100g,,,https://product-images.metro.ca/images/h6e/h02/11161748406302.jpg,https://www.metro.ca/en/online-grocery/search-page-563
AKI SUSHI,Imperial Sauce,240 mL,"$4.49
 ea.",,$1.87 /100ml,,,https://product-images.metro.ca/images/h39/he3/11401295036446.jpg,https://www.metro.ca/en/online-grocery/search-page-563
GOGO QUINOA,"Organic Cauliflower, Brown Rice And Quinoa Fusilli P...",227 g,"$4.69
 ea.",,$2.07 /100g,,,,https://www.metro.ca/en/online-grocery/search-page-563
COLGATE,Peppa Pig™ Extra Soft Toothbrushs For Children,2 un,"$7.99
 ea.",,$4.00 /un.,,,https://product-images.metro.ca/images/h1f/h4f/9515716214814.jpg,https://www.metro.ca/en/online-grocery/search-page-563
MILK BONE,"Daily Dental Dog Treats For Large Dogs, Brushing Chews",688 g,"$10.99
 ea.",,$1.60 /100g,"Regular price
$13.49  ea.","Valid until Jan 24, 2024",,https://www.metro.ca/en/online-grocery/search-page-563
,Bag Of Organic Clementines,2 lb,"$7.99
 ea.",,$0.88 /100g,,,https://product-images.metro.ca/images/hc0/hc8/9183012290590.jpg,https://www.metro.ca/en/online-grocery/search-page-563
ATTITUDE,"Olive Leaves Hypoallergenic Natural Hand Soap, Super...",473 mL,"$6.49
 ea.",,$1.37 /100ml,"Regular price
$7.99  ea.","Valid until Feb 7, 2024",,https://www.metro.ca/en/online-grocery/search-page-563
HIGH LINER,"Frozen Breaded Wild Haddock Fillet, Signature Cuts",425 g,"$18.99
 ea.",,$4.47 /100g,,,,https://www.metro.ca/en/online-grocery/search-page-563
TRUDEAU,Wine Preserving Pump With 2 Stoppers,1 un,"$8.49
 ea.",,$8.49 /un.,,,https://product-images.metro.ca/images/hc3/hd0/9106916573214.jpg,https://www.metro.ca/en/online-grocery/search-page-563
BAND-AID,Assorted Comfort-Flex® Plastic Bandages,60 un,"$7.29
 ea.",,$0.12 /un.,,,https://product-images.metro.ca/images/hbf/h43/10029069729822.jpg,https://www.metro.ca/en/online-grocery/search-page-563
PERSONNELLE,Lavender Scented 3 Blade Disposable Razors,4 un,"$4.99
 ea.",,$1.25 /un.,,,https://product-images.metro.ca/images/h0d/h8c/9264342204446.jpg,https://www.metro.ca/en/online-grocery/search-page-563
ORAL-B,"Contour Clean™ Soft Toothbrush, Indicator",1 un,"$3.69
 ea.",,$3.69 /un.,,,,https://www.metro.ca/en/online-grocery/search-page-563
DOVE,"Apple And White Tea Scented Antiperspirant Stick, Ad...",74 g,"$9.29
 ea.",,$12.55 /100g,,,,https://www.metro.ca/en/online-grocery/search-page-563
1642,"Yuzu And Basil Flavoured Soft Drink, Yuzu",4x275 mL,"$8.99
 ea.",,$0.82 /100ml,"Regular price
$9.99  ea.","Valid until Jan 24, 2024",,https://www.metro.ca/en/online-grocery/search-page-563
WILTON,Sofia The First® Birthday Candle,1 un,"$6.99
 ea.",,$6.99 /un.,,,https://product-images.metro.ca/images/h02/h40/8868531830814.jpg,https://www.metro.ca/en/online-grocery/search-page-563
HOEGAARDEN,Belgian White Beer,500 mL - can,"$4.69
 ea.",,$0.94 /100ml,,,https://product-images.metro.ca/images/haf/hf5/10123814928414.jpg,https://www.metro.ca/en/online-grocery/search-page-563
HIGH LINER,Frozen Breaded Sole Fillet,515 g,"$18.99
 ea.",,$3.69 /100g,,,https://product-images.metro.ca/images/h17/h28/10778709065758.jpg,https://www.metro.ca/en/online-grocery/search-page-564
LA FOURMI BIONIQUE,"Euphoric Cereal Blend, Gourmet Granola",808 g,"$12.49
 ea.",,$1.55 /100g,"Regular price
$13.99  ea.","Valid until Feb 7, 2024",,https://www.metro.ca/en/online-grocery/search-page-564
STASH,Jasmin Green Tea,20 un,"$6.49
 ea.",,$0.32 /un.,,,https://product-images.metro.ca/images/hfd/h61/12083972800542.jpg,https://www.metro.ca/en/online-grocery/search-page-564
AKI SUSHI,Ginger-Wasabi Soy Sauce,240 mL,"$4.49
 ea.",,$1.87 /100ml,,,https://product-images.metro.ca/images/hff/h44/11401293594654.jpg,https://www.metro.ca/en/online-grocery/search-page-564
ATTITUDE,"Shower Gel With Orange Leaves Extract, Super Leaves",473 mL,"$10.29
 ea.",,$2.18 /100ml,"Regular price
$11.99  ea.","Valid until Feb 7, 2024",,https://www.metro.ca/en/online-grocery/search-page-564
LES ÉPICES GOURMANDES,Maple Marinade & Sauce,175 mL,"$6.49
 ea.",,$3.71 /100ml,,,https://product-images.metro.ca/images/h89/he4/8924224323614.jpg,https://www.metro.ca/en/online-grocery/search-page-564
FOUR O'CLOCK,Organic Japanese Sencha Matcha Green Tea,16 un,"$6.99
 ea.",,$0.44 /un.,,,https://product-images.metro.ca/images/h39/haf/9534205689886.jpg,https://www.metro.ca/en/online-grocery/search-page-564
ATTITUDE,Nourishing Olive Leaves Hypoallergenic Natural Showe...,473 mL,"$10.29
 ea.",,$2.18 /100ml,"Regular price
$11.99  ea.","Valid until Feb 7, 2024",,https://www.metro.ca/en/online-grocery/search-page-564
PERSONNELLE,Mint Flavoured Toothpaste For Sensitive Teeth,100 mL,"$3.99
 ea.",,$3.99 /100ml,"Regular price
$4.49  ea.","Valid until Feb 7, 2024",https://product-images.metro.ca/images/h9d/h5a/9366628204574.jpg,https://www.metro.ca/en/online-grocery/search-page-564
YOGI,Organic Chai Rooibos Herbal Tea Bags,16 un,"$3.24
 ea.",,$0.20 /un.,"Regular price
$6.49  ea.","Valid until Apr 18, 2024",https://product-images.metro.ca/images/h1e/hdd/11511620599838.jpg,https://www.metro.ca/en/online-grocery/search-page-564
AKI SUSHI,Soy Sauce With Less Salt,240 mL,"$4.99
 ea.",,$2.08 /100ml,,,https://product-images.metro.ca/images/he8/hed/11401326592030.jpg,https://www.metro.ca/en/online-grocery/search-page-564
HIGH LINER,"Frozen English Battered Haddock Fillet, Family Favou...",425 g,"$18.99
 ea.",,$4.47 /100g,,,,https://www.metro.ca/en/online-grocery/search-page-564
NAIR,Hair Removal Cream For Men,312 g,"$18.49
 ea.",,$5.93 /100g,,,https://product-images.metro.ca/images/h61/hbc/9073815846942.jpg,https://www.metro.ca/en/online-grocery/search-page-564
PERSONNELLE,Moisturizing Body Lotion For Very Dry Skin,600 ml,"$5.99
 ea.",,$1.00 /100ml,,,https://product-images.metro.ca/images/h51/h1b/9163749359646.jpg,https://www.metro.ca/en/online-grocery/search-page-564
PERSONNELLE,Toothpaste Whiten For Sensitive Teeth,100 mL,"$3.99
 ea.",,$3.99 /100ml,"Regular price
$4.49  ea.","Valid until Feb 7, 2024",https://product-images.metro.ca/images/h4e/h77/9199672066078.jpg,https://www.metro.ca/en/online-grocery/search-page-564
,Bag Of Organic Pink Grapefruits,3 lb,"$7.99
 ea.",,$0.59 /100g,,,https://product-images.metro.ca/images/h02/hbe/10539704582174.jpg,https://www.metro.ca/en/online-grocery/search-page-564
FOUR O'CLOCK,Organic Lychee And Ginger White Tea,15 un,"$8.99
 ea.",,$19.98 /100g,"Regular price
$10.49  ea.","Valid until Feb 7, 2024",https://product-images.metro.ca/images/hcf/h70/9401132646430.jpg,https://www.metro.ca/en/online-grocery/search-page-564
TRESEMMÉ,Volumizing Conditioner,828 mL,"$7.49
 ea.",,$0.90 /100ml,,,https://product-images.metro.ca/images/hf4/h18/11538265636894.jpg,https://www.metro.ca/en/online-grocery/search-page-564
HIGH LINER,Frozen Breaded Cod Fillet,515 g,"$18.99
 ea.",,$3.69 /100g,,,https://product-images.metro.ca/images/h1d/h25/11188503707678.jpg,https://www.metro.ca/en/online-grocery/search-page-564
LE SIEUR,Tender Peas,284 mL,"$2.49
 ea.",,$0.88 /100ml,,,https://product-images.metro.ca/images/hed/h20/8848777019422.jpg,https://www.metro.ca/en/online-grocery/search-page-564
SILVER HILLS BAKERY,Organic Sprouted Whole Grain Bread Packed With Herit...,510 g,"$5.79
 ea.",,$1.14 /100g,,,,https://www.metro.ca/en/online-grocery/search-page-564
SILVER HILLS BAKERY,"Organic Grains Sprouted Wheat Sliced Bread, Sprouted...",615 g,"$5.79
 ea.",,$0.94 /100g,,,,https://www.metro.ca/en/online-grocery/search-page-564
FOUR O'CLOCK,Organic Jasmine And Lotus Flower Green Tea,15 un,"$8.99
 ea.",,$29.97 /100g,"Regular price
$10.49  ea.","Valid until Feb 7, 2024",https://product-images.metro.ca/images/hba/h6b/9401133727774.jpg,https://www.metro.ca/en/online-grocery/search-page-564
TRUDEAU MAISON,Tropical 8 Oz Sandwich Box,1 un,"$3.59
 ea.",,$3.59 /un.,,,https://product-images.metro.ca/images/hcc/h94/10268516057118.jpg,https://www.metro.ca/en/online-grocery/search-page-564
PERSONNELLE,Aloe Moisturizing Body Lotion,600 mL,"$5.99
 ea.",,$1.00 /100ml,,,https://product-images.metro.ca/images/h87/h15/9163774787614.jpg,https://www.metro.ca/en/online-grocery/search-page-564
ZEVIA,Ginger Root Beer,6x355 mL,"$8.79
 ea.",,$0.41 /100ml,,,https://product-images.metro.ca/images/h9c/hd5/11761573199902.jpg,https://www.metro.ca/en/online-grocery/search-page-564
ATTITUDE,"Lemon Leaves Hypoallergenic Natural Hand Soap, Super...",473 mL,"$6.49
 ea.",,$1.37 /100ml,"Regular price
$7.99  ea.","Valid until Feb 7, 2024",,https://www.metro.ca/en/online-grocery/search-page-564
,Jumbo Cantaloupe,Sold individually,"$3.99
 ea.",,$3.99 /un.,"Regular price
$4.99  ea.","Valid until Jan 10, 2024",https://product-images.metro.ca/images/hbe/h51/10333749182494.jpg,https://www.metro.ca/en/online-grocery/search-page-564
LIVE CLEAN,"Calming Bedtime Baby Lotion With Lavender, Jasmine A...",227 mL,"$9.49
 ea.",,$4.18 /100ml,,,,https://www.metro.ca/en/online-grocery/search-page-564
TRUDEAU MAISON,Peeler,1 un,"$4.99
 ea.",,$4.99 /un.,,,https://product-images.metro.ca/images/h81/h18/12083980042270.jpg,https://www.metro.ca/en/online-grocery/search-page-565
ATTITUDE,"White Tea Leaves Hypoallergenic Shower Gel, Super Le...",473 mL,"$10.29
 ea.",,$2.18 /100ml,"Regular price
$11.99  ea.","Valid until Feb 7, 2024",,https://www.metro.ca/en/online-grocery/search-page-565
LA FOURMI BIONIQUE,"Vitality Cereal Blend, Gourmet Granola",808 g,"$12.49
 ea.",,$1.55 /100g,"Regular price
$13.99  ea.","Valid until Feb 7, 2024",,https://www.metro.ca/en/online-grocery/search-page-565
LIVE CLEAN,Clean Air Weightless Volume Shampoo,350 mL,"$7.99
 ea.",,$2.28 /100ml,,,https://product-images.metro.ca/images/h28/h76/10433097498654.jpg,https://www.metro.ca/en/online-grocery/search-page-565
,Washed Yellow Fleshed Potatoes,5 lb,"$4.99
 ea.",,$0.22 /100g,,,https://product-images.metro.ca/images/h1c/h72/9145809338398.jpg,https://www.metro.ca/en/online-grocery/search-page-565
MOISHES,Creamy Coleslaw,454 g,"$4.99
 ea.",,$1.10 /100g,,,https://product-images.metro.ca/images/h52/hd6/8820672659486.jpg,https://www.metro.ca/en/online-grocery/search-page-565
